"","DATAH_DATAU","SECONDS_secs","NANOSECONDS_nsecs","NDX_index","DIAG_diag","DATE_date","TIME_time","H2O_ppm","CO2_ppm","CH4_ppb","CAVITY_P_kPa","CAVITY_T_°C","LASER_PHASE_P_kPa","LASER_T_°C","RESIDUAL_NA","RING_DOWN_TIME_µsecs","THERMAL_ENCLOSURE_T_°C","PHASE_ERROR_counts","LASER_T_SHIFT_°C","INPUT_VOLTAGE_V","CHK_CHK","H2O_moll","CO2_moll","CH4_moll","DiffTime"
"1","DATA",1620636234,70518970,18460,0,2021-05-10,10:43:54,11025.4,469.922,2058.63,40.0268,54.9995,28.1255,43.5709,0.00180891,13.7533,54.5007,41.25,0.0328991,15.6029,245,0.000458339074431738,1.9535219995203e-05,8.55797130986094e-08,0
"2","DATA",1620636235,70518970,18464,0,2021-05-10,10:43:55,11153.1,471.557,2059.36,40.0239,54.9995,28.1251,43.5707,0.00185579,13.7525,54.5009,-132.5,0.0328991,15.6017,36,0.000463647716277379,1.96031889021538e-05,8.5610060072355e-08,1
"3","DATA",1620636236,70518970,18468,0,2021-05-10,10:43:56,11168.1,472.383,2060.2,40.0227,54.9995,28.1255,43.5707,0.00186987,13.7521,54.5005,-85.5,0.0328991,15.5989,212,0.000464271284231056,1.9637526710803e-05,8.5644979877761e-08,2
"4","DATA",1620636237,70518970,18472,0,2021-05-10,10:43:57,11196.7,472.676,2060.74,40.0231,54.9995,28.1251,43.5707,0.00186473,13.7523,54.5005,-193.5,0.0328991,15.5989,53,0.000465460220462735,1.96497070714982e-05,8.56674283240933e-08,3
"5","DATA",1620636238,70518970,18476,0,2021-05-10,10:43:58,11112.7,472.918,2061.72,40.0231,54.9995,28.1251,43.5707,0.00186662,13.7534,54.5005,-155.25,0.0328991,15.5986,92,0.000461968239922141,1.96597673011508e-05,8.57081680970669e-08,4
"6","DATA",1620636239,70518970,18480,0,2021-05-10,10:43:59,11063.3,472.08,2061.72,40.0231,54.9995,28.1255,43.5709,0.00185915,13.7529,54.5005,5.75,0.0328991,15.5982,152,0.000459914622794696,1.96249306381387e-05,8.57081680970669e-08,5
"7","DATA",1620636240,70518970,18484,0,2021-05-10,10:44:00,11181.1,475.711,2062.63,40.0227,54.9995,28.1247,43.5711,0.0018777,13.7529,54.5005,-299.5,0.0328991,15.5982,240,0.00046481170979091,1.97758756541256e-05,8.57459978862567e-08,6
"8","DATA",1620636241,70188045,18488,0,2021-05-10,10:44:01,11360.3,477.883,2061.4,40.0235,54.9995,28.123,43.5711,0.00190755,13.7513,54.5005,-184.25,0.0328991,15.5982,225,0.000472261268277511,1.98661682938181e-05,8.56948653140552e-08,7
"9","DATA",1620636242,70188045,18492,0,2021-05-10,10:44:02,11444.2,478.251,2061.14,40.0223,54.9995,28.1226,43.5711,0.0019288,13.7518,54.5005,-132.5,0.0328991,15.5978,219,0.000475749091698414,1.98814664942817e-05,8.56840568028581e-08,8
"10","DATA",1620636243,70188045,18496,0,2021-05-10,10:44:03,11399.4,484.063,2062.9,40.0231,54.9995,28.121,43.5707,0.00192532,13.7522,54.5005,-261.25,0.0328991,15.5974,226,0.000473886702076764,2.01230782907332e-05,8.57572221094229e-08,9
"11","DATA",1620636244,70188045,18500,0,2021-05-10,10:44:04,11201.5,481.847,2062.53,40.0231,54.9995,28.1222,43.5707,0.00188672,13.7527,54.5005,-121,0.0328991,15.5974,163,0.000465659762207912,2.00309565183766e-05,8.57418407665655e-08,10
"12","DATA",1620636245,70188045,18504,0,2021-05-10,10:44:05,11145.9,481.158,2061.12,40.0231,54.9995,28.1222,43.5709,0.00187143,13.7528,54.5005,-104.25,0.0328991,15.5974,58,0.000463348403659614,2.00023139637044e-05,8.56832253789199e-08,11
"13","DATA",1620636246,70188045,18508,0,2021-05-10,10:44:06,12162.6,487.193,2063.92,40.0243,54.9995,28.1201,43.5709,0.00208053,13.7477,54.5005,-530.25,0.0328991,15.5974,76,0.000505613839559876,2.02531961370673e-05,8.5799624730273e-08,12
"14","DATA",1620636247,70188045,18512,0,2021-05-10,10:44:07,13895.8,488.403,2063.31,40.0305,54.9995,28.1144,43.5709,0.00246322,13.739,54.5005,-591,0.0328991,15.5974,143,0.000577665038047467,2.03034972853306e-05,8.57742663001568e-08,13
"15","DATA",1620636248,69852113,18516,0,2021-05-10,10:44:08,14741.7,488.085,2063.65,40.0424,54.9995,28.1098,43.5711,0.00244521,13.7344,54.5005,133.5,0.0328991,15.5974,249,0.000612830113515187,2.02902776447126e-05,8.57884005071068e-08,14
"16","DATA",1620636249,69852113,18520,0,2021-05-10,10:44:09,15468,489.393,2063.19,40.0395,54.9995,28.1103,43.5711,0.00264921,13.7315,54.5005,-515,0.0328991,15.597,50,0.000643023273832252,2.03446527702733e-05,8.57692777565274e-08,15
"17","DATA",1620636250,69852113,18524,0,2021-05-10,10:44:10,17036.1,488.245,2062.37,40.0375,54.9995,28.1024,43.5711,0.00318559,13.7233,54.5005,-1083.5,0.0328991,15.597,18,0.0007082110677097,2.02969290362185e-05,8.57351893750597e-08,16
"18","DATA",1620636251,69852113,18528,0,2021-05-10,10:44:11,18881.4,489.919,2061.67,40.0391,54.9995,28.0893,43.5707,0.00383662,13.7137,54.5005,-1308,0.0328991,15.5962,13,0.000784922397371108,2.03665192198489e-05,8.57060895372214e-08,17
"19","DATA",1620636252,69852113,18532,0,2021-05-10,10:44:12,19616.8,490.716,2061.83,40.0445,54.9995,28.0671,43.5707,0.0040033,13.7098,54.5005,-496.5,0.0328991,15.5962,244,0.00081549385558007,2.03996514637877e-05,8.57127409287273e-08,18
"20","DATA",1620636253,69852113,18536,0,2021-05-10,10:44:13,20140.9,490.746,2061.34,40.0478,54.9995,28.0621,43.5709,0.00401548,13.7079,54.5005,-171.25,0.0328991,15.5966,84,0.000837281319881563,2.0400898599695e-05,8.56923710422405e-08,19
"21","DATA",1620636254,69852113,18540,0,2021-05-10,10:44:14,20830.6,491.061,2061.3,40.0515,54.9995,28.0597,43.5709,0.00418707,13.7034,54.5005,-328.75,0.0328991,15.5962,28,0.000865952974391655,2.04139935267222e-05,8.5690708194364e-08,20
"22","DATA",1620636255,69852113,18544,0,2021-05-10,10:44:15,21455,492.101,2061.31,40.0527,54.9995,28.0593,43.5709,0.00436808,13.7013,54.5005,-359.25,0.0328991,15.5958,241,0.000891910029743404,2.04572275715106e-05,8.56911239063331e-08,21
"23","DATA",1620636256,69504976,18548,0,2021-05-10,10:44:16,21937.3,492.543,2061.22,40.0585,54.9995,28.0556,43.5711,0.00440301,13.6976,54.5005,-88.75,0.0328991,15.5962,61,0.000911959818013982,2.04756020405456e-05,8.5687382498611e-08,22
"24","DATA",1620636257,69504976,18552,0,2021-05-10,10:44:17,22334.2,492.888,2061.06,40.0601,54.9995,28.0564,43.5711,0.00447317,13.696,54.5005,-35.25,0.0328991,15.5962,253,0.000928459426068289,2.04899441034802e-05,8.56807311071052e-08,23
"25","DATA",1620636258,69504976,18556,0,2021-05-10,10:44:18,22691.8,494.239,2061.22,40.0642,54.9995,28.0568,43.5711,0.004494,13.6939,54.5005,56.5,0.0328991,15.5962,131,0.000943325286083961,2.05461067905081e-05,8.5687382498611e-08,24
"26","DATA",1620636259,69504976,18560,0,2021-05-10,10:44:19,23013.2,494.081,2061.07,40.0671,54.9995,28.0584,43.5711,0.00450696,13.6921,54.5005,97.25,0.0328991,15.5962,4,0.000956686268771425,2.0539538541396e-05,8.56811468190743e-08,25
"27","DATA",1620636260,69504976,18564,0,2021-05-10,10:44:20,23317.3,495.476,2061.18,40.0712,54.9995,28.0584,43.5711,0.00450649,13.6906,54.5005,56.75,0.0328991,15.5958,13,0.000969328069752313,2.0597530361088e-05,8.56857196507346e-08,26
"28","DATA",1620636261,69504976,18568,0,2021-05-10,10:44:21,23604.8,494.686,2061.2,40.0733,54.9995,28.0601,43.5707,0.00449196,13.689,54.5005,281,0.0328991,15.5958,77,0.000981279788864466,2.05646891155276e-05,8.56865510746728e-08,27
"29","DATA",1620636262,69504976,18572,0,2021-05-10,10:44:22,23873.2,495.104,2061.38,40.0761,54.9995,28.0621,43.5711,0.00449834,13.6877,54.5005,203.25,0.0328991,15.5958,56,0.000992437498115602,2.05820658758368e-05,8.56940338901169e-08,28
"30","DATA",1620636263,69169044,18576,0,2021-05-10,10:44:23,24121.1,496.637,2061.42,40.0803,54.9995,28.0646,43.5707,0.00446323,13.6859,54.5005,275.25,0.0328991,15.5958,56,0.00100274299783005,2.06457945207026e-05,8.56956967379934e-08,29
"31","DATA",1620636264,69169044,18580,0,2021-05-10,10:44:24,24354.7,496.291,2061.41,40.084,54.9995,28.0679,43.5711,0.00442559,13.6847,54.5005,314.25,0.0328991,15.5958,14,0.00101245402942865,2.06314108865711e-05,8.56952810260243e-08,30
"32","DATA",1620636265,69169044,18584,0,2021-05-10,10:44:25,24573.3,497.197,2061.41,40.0877,54.9995,28.0712,43.5711,0.00440878,13.684,54.5005,272.75,0.0328991,15.595,226,0.00102154149307358,2.06690743909733e-05,8.56952810260243e-08,31
"33","DATA",1620636266,69169044,18588,0,2021-05-10,10:44:26,24782.4,497.772,2061.57,40.091,54.9995,28.0737,43.5711,0.00437932,13.683,54.5005,239.5,0.0328991,15.5954,184,0.00103023403034784,2.06929778291976e-05,8.57019324175302e-08,32
"34","DATA",1620636267,69169044,18592,0,2021-05-10,10:44:27,24978.5,497.964,2061.5,40.093,54.9995,28.0753,43.5711,0.00434547,13.6814,54.5005,350.75,0.0328991,15.595,183,0.00103838614206225,2.07009594990046e-05,8.56990224337464e-08,33
"35","DATA",1620636268,69169044,18596,0,2021-05-10,10:44:28,25160.8,499.518,2061.55,40.0967,54.9995,28.079,43.5709,0.00429681,13.6813,54.5005,512.75,0.0328991,15.5935,41,0.00104596457125928,2.07655611390056e-05,8.57011009935919e-08,34
"36","DATA",1620636269,69169044,18600,0,2021-05-10,10:44:29,25331.2,498.755,2061.67,40.1,54.9995,28.0864,43.5707,0.00424249,13.6799,54.5005,463,0.0328991,15.5942,24,0.00105304830321306,2.07338423157619e-05,8.57060895372214e-08,35
"37","DATA",1620636270,69169044,18604,0,2021-05-10,10:44:30,25489.1,499.58,2061.62,40.1033,54.9995,28.0905,43.5707,0.00421455,13.6789,54.5005,350.5,0.0328991,15.5942,204,0.00105961239520543,2.07681385532142e-05,8.57040109773758e-08,36
"38","DATA",1620636271,68834066,18608,0,2021-05-10,10:44:31,25637.2,500.523,2061.84,40.1074,54.9995,28.0946,43.5711,0.00417206,13.6787,54.5005,431.25,0.0328991,15.5942,36,0.00106576908946808,2.0807340191902e-05,8.57131566406964e-08,37
"39","DATA",1620636272,68834066,18612,0,2021-05-10,10:44:32,25777.9,499.401,2061.67,40.1091,54.9995,28.1004,43.5711,0.00412249,13.6779,54.5005,390.75,0.0328991,15.5942,55,0.00107161815687357,2.07606973089669e-05,8.57060895372214e-08,38
"40","DATA",1620636273,68834066,18616,0,2021-05-10,10:44:33,25914.7,500.739,2061.82,40.1086,54.9995,28.1045,43.5709,0.00416854,13.6768,54.5007,279,0.0328991,15.5942,176,0.00107730509661111,2.0816319570435e-05,8.57123252167582e-08,39
"41","DATA",1620636274,68834066,18620,0,2021-05-10,10:44:34,26041.8,500.111,2061.71,40.1099,54.9995,28.1078,43.5711,0.00418701,13.6767,54.5005,179,0.0328991,15.5942,140,0.00108258879573861,2.07902128587743e-05,8.57077523850979e-08,40
"42","DATA",1620636275,68834066,18624,0,2021-05-10,10:44:35,26159.4,500.962,2061.99,40.1128,54.9995,28.109,43.5711,0.00414725,13.6762,54.5007,303.25,0.0328991,15.5942,252,0.00108747756849544,2.08255899473463e-05,8.57193923202331e-08,41
"43","DATA",1620636276,68834066,18628,0,2021-05-10,10:44:36,26272.5,501.789,2061.86,40.1123,54.9995,28.1082,43.5711,0.00418791,13.6754,54.5005,141.25,0.0328991,15.5946,57,0.00109217927086617,2.08599693271924e-05,8.57139880646346e-08,42
"44","DATA",1620636277,68834066,18632,0,2021-05-10,10:44:37,26382.4,502.114,2061.77,40.1115,54.9995,28.1082,43.5707,0.00422466,13.6744,54.5009,100.5,0.0328991,15.5954,241,0.00109674794540678,2.08734799661887e-05,8.57102466569125e-08,43
"45","DATA",1620636278,68497896,18636,0,2021-05-10,10:44:38,26489.6,502.398,2061.85,40.1136,54.9995,28.1082,43.5707,0.00419893,13.6747,54.5007,170.5,0.0328991,15.5989,59,0.00110120437771573,2.08852861861117e-05,8.57135723526655e-08,44
"46","DATA",1620636279,68497896,18640,0,2021-05-10,10:44:39,26589.4,503.413,2061.95,40.1144,54.9995,28.1086,43.5709,0.00419664,13.6735,54.5005,472,0.0328991,15.595,143,0.00110535318316753,2.09274809509772e-05,8.57177294723567e-08,45
"47","DATA",1620636280,68497896,18644,0,2021-05-10,10:44:40,26685.2,502.192,2061.82,40.1165,54.9995,28.1119,43.5711,0.00420799,13.6731,54.5005,213.5,0.0328991,15.5942,0,0.00110933570383168,2.08767225195479e-05,8.57123252167582e-08,46
"48","DATA",1620636281,68497896,18648,0,2021-05-10,10:44:41,26775.2,503.246,2062.03,40.1148,54.9995,28.1119,43.5711,0.00426353,13.6724,54.5005,-51.75,0.0328991,15.5935,50,0.00111307711155375,2.09205385610929e-05,8.57210551681096e-08,47
"49","DATA",1620636282,68497896,18652,0,2021-05-10,10:44:42,26862.2,503.441,2061.96,40.1165,54.9995,28.1127,43.5711,0.00428296,13.6722,54.5005,217,0.0328991,15.5942,163,0.00111669380568507,2.09286449444908e-05,8.57181451843258e-08,48
"50","DATA",1620636283,68497896,18656,0,2021-05-10,10:44:43,26943,505.435,2062.01,40.1197,54.9995,28.1148,43.5711,0.00423061,13.6711,54.5005,150.25,0.0328991,15.5938,206,0.00112005275839555,2.1011537911133e-05,8.57202237441714e-08,49
"51","DATA",1620636284,68497896,18660,0,2021-05-10,10:44:44,27025.4,504.18,2062.24,40.1189,54.9995,28.1144,43.5711,0.00422964,13.6712,54.5005,96,0.0328991,15.5938,67,0.00112347822502109,2.09593660590086e-05,8.57297851194611e-08,50
"52","DATA",1620636285,68497896,18664,0,2021-05-10,10:44:45,27102.5,503.555,2062.09,40.1197,54.9995,28.1136,43.5707,0.00424949,13.6703,54.5005,100.5,0.0328991,15.5931,6,0.00112668336430299,2.09333840609387e-05,8.57235494399243e-08,51
"53","DATA",1620636286,68162918,18668,0,2021-05-10,10:44:46,27174.3,504.903,2062.4,40.1177,54.9995,28.1144,43.5707,0.00430724,13.671,54.5005,166,0.0328991,15.5927,57,0.00112966817624126,2.09894220343759e-05,8.5736436510967e-08,52
"54","DATA",1620636287,68162918,18672,0,2021-05-10,10:44:47,27243.9,505.261,2062.15,40.1185,54.9995,28.114,43.5707,0.00432608,13.6694,54.5005,-29.25,0.0328991,15.5927,2,0.00113256153154632,2.10043045228703e-05,8.57260437117391e-08,53
"55","DATA",1620636288,68162918,18676,0,2021-05-10,10:44:48,27312,504.079,2062.13,40.1185,54.9995,28.1148,43.5709,0.00432842,13.669,54.5005,58,0.0328991,15.5927,232,0.00113539253005602,2.09551673681205e-05,8.57252122878008e-08,54
"56","DATA",1620636289,68162918,18680,0,2021-05-10,10:44:49,27376.7,504.879,2062.24,40.1185,54.9995,28.1144,43.5707,0.00436658,13.6694,54.5005,-21.75,0.0328991,15.5927,82,0.00113808218649621,2.098842432565e-05,8.57297851194611e-08,55
"57","DATA",1620636290,68162918,18684,0,2021-05-10,10:44:50,27437.7,505.062,2062.07,40.1193,54.9995,28.114,43.5711,0.00435114,13.6685,54.5005,171,0.0328991,15.5931,88,0.00114061802950784,2.09960318546848e-05,8.57227180159861e-08,56
"58","DATA",1620636291,68162918,18688,0,2021-05-10,10:44:51,27495.1,505.819,2062.07,40.1206,54.9995,28.116,43.5711,0.00434949,13.6685,54.5005,192,0.0328991,15.5927,122,0.00114300421621057,2.10275012507471e-05,8.57227180159861e-08,57
"59","DATA",1620636292,68162918,18692,0,2021-05-10,10:44:52,27551.9,505.982,2062.16,40.1202,54.9995,28.1177,43.5711,0.0043659,13.6681,54.5005,-18.75,0.0328991,15.5927,7,0.00114536546019517,2.10342773558437e-05,8.57264594237082e-08,58
"60","DATA",1620636293,67817926,18696,0,2021-05-10,10:44:53,27606,506.146,2062.12,40.121,54.9995,28.1185,43.5709,0.00437976,13.668,54.5005,-167.25,0.0328991,15.5931,169,0.0011476144619481,2.10410950321373e-05,8.57247965758317e-08,59
"61","DATA",1620636294,67817926,18700,0,2021-05-10,10:44:54,27657.3,506.41,2062.33,40.1206,54.9995,28.1181,43.5707,0.00439121,13.6673,54.5005,-63,0.0328991,15.5927,93,0.00114974706434967,2.1052069828122e-05,8.57335265271832e-08,60
"62","DATA",1620636295,67817926,18704,0,2021-05-10,10:44:55,27708.2,505.448,2062.18,40.1214,54.9995,28.1189,43.5707,0.00436161,13.6663,54.5005,30,0.0328991,15.5927,112,0.00115186303827249,2.10120783366928e-05,8.57272908476464e-08,61
"63","DATA",1620636296,67817926,18708,0,2021-05-10,10:44:56,27758.8,506.537,2062.45,40.1222,54.9995,28.1185,43.5709,0.0043722,13.6673,54.5005,83.5,0.0328991,15.5927,183,0.00115396654083622,2.10573493701298e-05,8.57385150708126e-08,62
"64","DATA",1620636297,67817926,18712,0,2021-05-10,10:44:57,27806,507.048,2062.43,40.121,54.9995,28.1197,43.5707,0.00440126,13.6675,54.5005,-43.75,0.0328991,15.5927,163,0.00115592870133046,2.10785922517517e-05,8.57376836468743e-08,63
"65","DATA",1620636298,67817926,18716,0,2021-05-10,10:44:58,27849.6,506.47,2062.09,40.121,54.9995,28.1189,43.5711,0.00440621,13.6668,54.5005,-109.75,0.0328991,15.5919,22,0.00115774120551582,2.10545640999367e-05,8.57235494399243e-08,64
"66","DATA",1620636299,67817926,18720,0,2021-05-10,10:44:59,27895.9,507.726,2062.6,40.1214,54.9995,28.1205,43.5711,0.00443312,13.6668,54.5005,-134.75,0.0328991,15.5915,60,0.00115966595193284,2.1106777523258e-05,8.57447507503494e-08,65
"67","DATA",1620636300,67817926,18724,0,2021-05-10,10:45:00,27939.7,507.8,2062.23,40.1226,54.9995,28.1197,43.5711,0.00441614,13.666,54.5005,-77,0.0328991,15.5927,254,0.00116148677035758,2.11098537918294e-05,8.5729369407492e-08,66
"68","DATA",1620636301,67487001,18728,0,2021-05-10,10:45:01,27979.1,508.247,2062.67,40.1234,54.9995,28.1197,43.5711,0.00439145,13.6662,54.5005,-51.75,0.0328991,15.5923,40,0.0011631246755159,2.1128436116849e-05,8.57476607341332e-08,67
"69","DATA",1620636302,67487001,18732,0,2021-05-10,10:45:02,28022.1,508.277,2062.47,40.123,54.9995,28.1197,43.5707,0.00441131,13.6657,54.5005,-154.75,0.0328991,15.5915,16,0.00116491223698311,2.11296832527564e-05,8.57393464947508e-08,68
"70","DATA",1620636303,67487001,18736,0,2021-05-10,10:45:03,28060.2,507.713,2062.76,40.1234,54.9995,28.1201,43.5707,0.00442273,13.6652,54.5005,-30.25,0.0328991,15.5911,254,0.00116649609958545,2.11062370976981e-05,8.57514021418553e-08,69
"71","DATA",1620636304,67487001,18740,0,2021-05-10,10:45:04,28097.6,509.446,2062.58,40.1234,54.9995,28.1185,43.5709,0.00444015,13.6654,54.5005,-166.25,0.0328991,15.5911,83,0.00116805086234995,2.11782799819463e-05,8.57439193264111e-08,70
"72","DATA",1620636305,67487001,18744,0,2021-05-10,10:45:05,28137.8,508.308,2062.39,40.1234,54.9995,28.1181,43.5709,0.00445627,13.665,54.5005,78.75,0.0328991,15.5911,205,0.00116972202446581,2.11309719598607e-05,8.57360207989979e-08,71
"73","DATA",1620636306,67487001,18748,0,2021-05-10,10:45:06,28170,509.004,2062.41,40.1255,54.9995,28.1197,43.5709,0.00440324,13.6646,54.5005,-38,0.0328991,15.5911,32,0.00117106061700637,2.11599055129113e-05,8.57368522229361e-08,72
"74","DATA",1620636307,67487001,18752,0,2021-05-10,10:45:07,28205.7,508.734,2062.63,40.1251,54.9995,28.1197,43.5711,0.00440642,13.6653,54.5005,25.75,0.0328991,15.5911,237,0.00117254470873612,2.11486812897451e-05,8.57459978862567e-08,73
"75","DATA",1620636308,67150115,18756,0,2021-05-10,10:45:08,28241.9,508.676,2062.52,40.1251,54.9995,28.1205,43.5711,0.00442259,13.6639,54.5005,-11,0.0328991,15.5911,127,0.00117404958606433,2.11462701603242e-05,8.57414250545964e-08,74
"76","DATA",1620636309,67150115,18760,0,2021-05-10,10:45:09,28274.2,509.422,2062.59,40.1255,54.9995,28.1197,43.5711,0.00444259,13.6647,54.5005,-70.25,0.0328991,15.5911,33,0.00117539233572458,2.11772822732204e-05,8.57443350383803e-08,75
"77","DATA",1620636310,67150115,18764,0,2021-05-10,10:45:10,28306.3,510.552,2062.42,40.1247,54.9995,28.1197,43.5709,0.00446076,13.6643,54.5005,270,0.0328991,15.5915,125,0.00117672677114545,2.12242577257308e-05,8.57372679349052e-08,76
"78","DATA",1620636311,67150115,18768,0,2021-05-10,10:45:11,28336,509.795,2062.5,40.1251,54.9995,28.1222,43.5707,0.00445988,13.664,54.5005,-80.75,0.0328991,15.5911,93,0.00117796143569374,2.11927883296685e-05,8.57405936306582e-08,77
"79","DATA",1620636312,67150115,18772,0,2021-05-10,10:45:12,28370.6,510.811,2062.75,40.1255,54.9995,28.123,43.5707,0.00448962,13.664,54.5005,-260.25,0.0328991,15.5911,217,0.00117939979910689,2.1235024665731e-05,8.57509864298862e-08,78
"80","DATA",1620636313,67150115,18776,0,2021-05-10,10:45:13,28405.1,509.341,2062.45,40.1247,54.9995,28.1214,43.5709,0.00449156,13.6641,54.5005,-56.75,0.0328991,15.5911,22,0.00118083400540034,2.11739150062706e-05,8.57385150708126e-08,79
"81","DATA",1620636314,67150115,18780,0,2021-05-10,10:45:14,28430,509.628,2062.85,40.1247,54.9995,28.1197,43.5709,0.00447143,13.6637,54.5005,-151,0.0328991,15.5903,90,0.00118186912820345,2.11858459397843e-05,8.57551435495773e-08,80
"82","DATA",1620636315,67150115,18784,0,2021-05-10,10:45:15,28452.3,510.839,2062.77,40.1259,54.9995,28.1193,43.5709,0.00446927,13.6639,54.5005,-71.75,0.0328991,15.5907,59,0.00118279616589458,2.12361886592445e-05,8.57518178538244e-08,81
"83","DATA",1620636316,66806077,18788,0,2021-05-10,10:45:16,28479,510.107,2062.78,40.1267,54.9995,28.1197,43.5711,0.0044403,13.6636,54.5005,-64.25,0.0328991,15.5907,161,0.00118390611685213,2.1205758543105e-05,8.57522335657935e-08,82
"84","DATA",1620636317,66806077,18792,0,2021-05-10,10:45:17,28501.5,510.882,2062.69,40.1259,54.9995,28.1201,43.5711,0.00445151,13.6631,54.5005,-11.75,0.0328991,15.5903,25,0.00118484146878264,2.12379762207117e-05,8.57484921580715e-08,83
"85","DATA",1620636318,66806077,18796,0,2021-05-10,10:45:18,28524.3,510.794,2062.82,40.1267,54.9995,28.1214,43.5711,0.00446518,13.663,54.5005,-143.25,0.0328991,15.5903,42,0.00118578929207223,2.12343179553835e-05,8.575389641367e-08,84
"86","DATA",1620636319,66806077,18800,0,2021-05-10,10:45:19,28549.5,511.461,2062.74,40.1251,54.9995,28.121,43.5707,0.00445699,13.663,54.5005,-85,0.0328991,15.5895,61,0.00118683688623441,2.12620459437237e-05,8.5750570717917e-08,85
"87","DATA",1620636320,66806077,18804,0,2021-05-10,10:45:20,28574.4,512.178,2062.76,40.1263,54.9995,28.121,43.5707,0.00449384,13.663,54.5005,-192.75,0.0328991,15.5895,253,0.00118787200903752,2.12918524919095e-05,8.57514021418553e-08,86
"88","DATA",1620636321,66806077,18808,0,2021-05-10,10:45:21,28602.7,511.247,2062.85,40.1267,54.9995,28.1201,43.5707,0.00448235,13.6626,54.5005,-61,0.0328991,15.5895,142,0.00118904847391012,2.12531497075845e-05,8.57551435495773e-08,87
"89","DATA",1620636322,66806077,18812,0,2021-05-10,10:45:22,28627.8,512.332,2062.85,40.1263,54.9995,28.1181,43.5707,0.00449788,13.6624,54.5005,85.25,0.0328991,15.5895,12,0.00119009191095261,2.12982544562339e-05,8.57551435495773e-08,88
"90","DATA",1620636323,66471099,18816,0,2021-05-10,10:45:23,28654,511.258,2062.85,40.1259,54.9995,28.1193,43.5711,0.00450096,13.6626,54.5005,-90.25,0.0328991,15.5895,210,0.0011911810763117,2.12536069907506e-05,8.57551435495773e-08,89
"91","DATA",1620636324,66471099,18820,0,2021-05-10,10:45:24,28679.6,511.955,2062.65,40.1263,54.9995,28.1189,43.5711,0.00450282,13.6628,54.5005,-14.25,0.0328991,15.5895,55,0.00119224529895264,2.12825821149981e-05,8.5746829310195e-08,90
"92","DATA",1620636325,66471099,18824,0,2021-05-10,10:45:25,28702.9,512.152,2062.93,40.1267,54.9995,28.1185,43.5711,0.00452062,13.6619,54.5005,-66.5,0.0328991,15.5895,253,0.00119321390784069,2.12907716407897e-05,8.57584692453303e-08,91
"93","DATA",1620636326,66471099,18828,0,2021-05-10,10:45:26,28724.4,511.251,2062.79,40.1259,54.9995,28.1173,43.5711,0.00451698,13.6626,54.5005,-73.25,0.0328991,15.5895,63,0.00119410768857429,2.12533159923722e-05,8.57526492777626e-08,92
"94","DATA",1620636327,66471099,18832,0,2021-05-10,10:45:27,28745.9,511.996,2062.62,40.1267,54.9995,28.1189,43.5709,0.00452581,13.6618,54.5005,-16.5,0.0328991,15.5899,33,0.0011950014693079,2.12842865340715e-05,8.57455821742876e-08,93
"95","DATA",1620636328,66471099,18836,0,2021-05-10,10:45:28,28764.6,512.666,2062.77,40.1276,54.9995,28.1185,43.5707,0.00453621,13.662,54.5005,-112.25,0.0328991,15.5895,64,0.00119577885069015,2.13121392360024e-05,8.57518178538244e-08,94
"96","DATA",1620636329,66471099,18840,0,2021-05-10,10:45:29,28787.6,512.678,2062.84,40.1288,54.9995,28.1189,43.5707,0.00448611,13.6618,54.5005,31.25,0.0328991,15.5887,40,0.00119673498821912,2.13126380903654e-05,8.57547278376082e-08,95
"97","DATA",1620636330,66471099,18844,0,2021-05-10,10:45:30,28809.7,512.701,2062.9,40.128,54.9995,28.1197,43.5707,0.0045208,13.6618,54.5005,-47,0.0328991,15.5884,6,0.00119765371167087,2.13135942278943e-05,8.57572221094229e-08,96
"98","DATA",1620636331,66135883,18848,0,2021-05-10,10:45:31,28831.2,512.276,2062.8,40.128,54.9995,28.1197,43.5711,0.00452186,13.6617,54.5005,-39.25,0.0328991,15.5884,205,0.00119854749240448,2.12959264692068e-05,8.57530649897317e-08,97
"99","DATA",1620636332,66135883,18852,0,2021-05-10,10:45:32,28852.5,512.64,2063.03,40.1284,54.9995,28.1185,43.5709,0.00451186,13.6612,54.5005,-190,0.0328991,15.588,94,0.0011994329588987,2.13110583848827e-05,8.57626263650215e-08,98
"100","DATA",1620636333,66135883,18856,0,2021-05-10,10:45:33,28875.6,512.692,2063.03,40.1284,54.9995,28.1193,43.5711,0.00452624,13.6615,54.5005,-93.75,0.0328991,15.588,6,0.00120039325354736,2.13132200871221e-05,8.57626263650215e-08,99
"101","DATA",1620636334,66135883,18860,0,2021-05-10,10:45:34,28891.1,513.111,2062.71,40.1284,54.9995,28.1214,43.5711,0.00450934,13.6608,54.5005,4.5,0.0328991,15.5884,137,0.0012010376070995,2.13306384186282e-05,8.57493235820097e-08,100
"102","DATA",1620636335,66135883,18864,0,2021-05-10,10:45:35,28909.6,513.343,2063.08,40.1284,54.9995,28.1226,43.5709,0.00452496,13.6603,54.5005,-131.5,0.0328991,15.5884,52,0.00120180667424236,2.13402829363117e-05,8.57647049248671e-08,101
"103","DATA",1620636336,66135883,18868,0,2021-05-10,10:45:36,28926.3,513.852,2062.92,40.1288,54.9995,28.1214,43.5707,0.00454434,13.6617,54.5005,-212.5,0.0328991,15.588,7,0.00120250091323079,2.13614426755399e-05,8.57580535333612e-08,102
"104","DATA",1620636337,66135883,18872,0,2021-05-10,10:45:37,28947,513.024,2063.03,40.1271,54.9995,28.1205,43.5707,0.00453027,13.6609,54.5005,-140.5,0.0328991,15.588,140,0.00120336143700687,2.13270217244969e-05,8.57626263650215e-08,103
"105","DATA",1620636338,65798997,18876,0,2021-05-10,10:45:38,28968.4,513.643,2062.99,40.128,54.9995,28.1205,43.5709,0.00455008,13.6602,54.5005,-154,0.0328991,15.588,142,0.00120425106062078,2.13527542953853e-05,8.5760963517145e-08,104
"106","DATA",1620636339,65798997,18880,0,2021-05-10,10:45:39,28987,513.538,2062.94,40.1284,54.9995,28.121,43.5707,0.00454426,13.6605,54.5005,-181.75,0.0328991,15.588,198,0.00120502428488334,2.13483893197096e-05,8.57588849572994e-08,105
"107","DATA",1620636340,65798997,18884,0,2021-05-10,10:45:40,29006.1,514.083,2063.16,40.1288,54.9995,28.1205,43.5711,0.00454997,13.6604,54.5009,-75.5,0.0328991,15.588,221,0.00120581829474436,2.13710456220265e-05,8.576803062062e-08,106
"108","DATA",1620636341,65798997,18888,0,2021-05-10,10:45:41,29027.1,514.309,2062.97,40.128,54.9995,28.1205,43.5711,0.00457859,13.6608,54.5007,-161.5,0.0328991,15.588,229,0.0012066912898795,2.13804407125286e-05,8.57601320932067e-08,107
"109","DATA",1620636342,65798997,18892,0,2021-05-10,10:45:42,29042.1,514.249,2063.14,40.1296,54.9995,28.1193,43.5711,0.0045363,13.6595,54.5013,-90.75,0.0328991,15.588,222,0.00120731485783318,2.13779464407139e-05,8.57671991966818e-08,108
"110","DATA",1620636343,65798997,18896,0,2021-05-10,10:45:43,29060.9,514.988,2063.02,40.1304,54.9995,28.1197,43.5711,0.00452912,13.6605,54.5009,-74.25,0.0328991,15.5927,75,0.00120809639633512,2.14086675552317e-05,8.57622106530523e-08,109
"111","DATA",1620636344,65798997,18900,0,2021-05-10,10:45:44,29081.1,514.033,2063.06,40.1292,54.9995,28.1201,43.5709,0.00452181,13.6601,54.5011,-89.5,0.0328991,15.5923,237,0.00120893613451274,2.13689670621809e-05,8.57638735009288e-08,110
"112","DATA",1620636345,65798997,18904,0,2021-05-10,10:45:45,29103.4,514.882,2063.26,40.13,54.9995,28.1197,43.5707,0.0045446,13.6607,54.5005,10.75,0.0328991,15.5923,118,0.00120986317220388,2.14042610083591e-05,8.57721877403112e-08,111
"113","DATA",1620636346,65463066,18908,0,2021-05-10,10:45:46,29122.8,514.557,2063.16,40.1296,54.9995,28.121,43.5707,0.00453471,13.6613,54.5005,66.75,0.0328991,15.5895,216,0.00121066965342397,2.13907503693627e-05,8.576803062062e-08,112
"114","DATA",1620636347,65463066,18912,0,2021-05-10,10:45:47,29139.7,514.565,2063.17,40.1296,54.9995,28.1197,43.5707,0.00454164,13.6601,54.5005,117.75,0.0328991,15.5876,67,0.00121137220665178,2.1391082938938e-05,8.57684463325891e-08,113
"115","DATA",1620636348,65463066,18916,0,2021-05-10,10:45:48,29157.8,515.017,2063.12,40.13,54.9995,28.1214,43.5707,0.00457109,13.6599,54.5005,-8,0.0328991,15.5876,10,0.00121212464531588,2.14098731199422e-05,8.57663677727435e-08,114
"116","DATA",1620636349,65463066,18920,0,2021-05-10,10:45:49,29172.9,514.676,2063.26,40.1296,54.9995,28.121,43.5709,0.00455808,13.6598,54.5005,176.25,0.0328991,15.5868,34,0.00121275237038925,2.13956973417952e-05,8.57721877403112e-08,115
"117","DATA",1620636350,65463066,18924,0,2021-05-10,10:45:50,29188,516.086,2063.1,40.1288,54.9995,28.1218,43.5711,0.00455961,13.6601,54.5002,-49.5,0.0328991,15.588,48,0.00121338009546262,2.14543127294409e-05,8.57655363488053e-08,116
"118","DATA",1620636351,65463066,18928,0,2021-05-10,10:45:51,29210,515.924,2063.27,40.1292,54.9995,28.1218,43.5711,0.00459455,13.6591,54.4998,-69.25,0.0328991,15.5872,225,0.00121429466179468,2.14475781955412e-05,8.57726034522803e-08,117
"119","DATA",1620636352,65463066,18932,0,2021-05-10,10:45:52,29225,514.723,2063.29,40.1288,54.9995,28.1218,43.5709,0.00458298,13.6593,54.4998,-84.5,0.0328991,15.5876,195,0.00121491822974836,2.13976511880501e-05,8.57734348762185e-08,118
"120","DATA",1620636353,65125942,18936,0,2021-05-10,10:45:53,29236.8,514.258,2063.16,40.1296,54.9995,28.1218,43.5707,0.00458174,13.6601,54.4998,-58.25,0.0328991,15.5868,78,0.00121540876987192,2.13783205814861e-05,8.576803062062e-08,119
"121","DATA",1620636354,65125942,18940,0,2021-05-10,10:45:54,29249.5,515.804,2063,40.1313,54.9995,28.121,43.5707,0.00454333,13.659,54.4998,93.5,0.0328991,15.5864,223,0.0012159367240727,2.14425896519118e-05,8.57613792291141e-08,120
"122","DATA",1620636355,65125942,18944,0,2021-05-10,10:45:55,29266,516.484,2063.42,40.1321,54.9995,28.1222,43.5707,0.00453904,13.6592,54.4998,226.25,0.0328991,15.5864,225,0.00121662264882174,2.14708580658118e-05,8.57788391318171e-08,121
"123","DATA",1620636356,65125942,18948,0,2021-05-10,10:45:56,29280.4,516.626,2063.46,40.1313,54.9995,28.1251,43.5709,0.00455034,13.6593,54.4998,36.5,0.0328991,15.5864,230,0.00121722127405727,2.14767611757733e-05,8.57805019796935e-08,122
"124","DATA",1620636357,65125942,18952,0,2021-05-10,10:45:57,29291.2,515.612,2063.15,40.1313,54.9995,28.1247,43.5711,0.00453195,13.6592,54.4998,-31.25,0.0328991,15.5864,54,0.00121767024298392,2.14346079821047e-05,8.57676149086509e-08,123
"125","DATA",1620636358,65125942,18956,0,2021-05-10,10:45:58,29304,515.935,2063.32,40.1321,54.9995,28.1242,43.5711,0.00454127,13.6589,54.4998,-56,0.0328991,15.5864,76,0.00121820235430439,2.14480354787072e-05,8.57746820121259e-08,124
"126","DATA",1620636359,65125942,18960,0,2021-05-10,10:45:59,29320.1,517.058,2063.31,40.1317,54.9995,28.1263,43.5711,0.00456338,13.6589,54.4998,-12,0.0328991,15.5864,169,0.00121887165057467,2.14947199328392e-05,8.57742663001568e-08,125
"127","DATA",1620636360,65125942,18964,0,2021-05-10,10:46:00,29334.6,515.924,2063.18,40.1309,54.9995,28.1263,43.5711,0.0045451,13.659,54.4998,88.25,0.0328991,15.5864,171,0.00121947443292989,2.14475781955412e-05,8.57688620445582e-08,126
"128","DATA",1620636361,64788103,18968,0,2021-05-10,10:46:01,29347.2,517.6,2063.17,40.1321,54.9995,28.1259,43.5709,0.00457439,13.6588,54.4998,-82.75,0.0328991,15.5868,246,0.00121999823001098,2.15172515215654e-05,8.57684463325891e-08,127
"129","DATA",1620636362,64788103,18972,0,2021-05-10,10:46:02,29361.7,516.598,2063.31,40.1317,54.9995,28.1263,43.5707,0.00456141,13.6585,54.4998,-31.75,0.0328991,15.5864,69,0.0012206010123662,2.14755971822598e-05,8.57742663001568e-08,128
"130","DATA",1620636363,64788103,18976,0,2021-05-10,10:46:03,29376.4,517.175,2063.34,40.1325,54.9995,28.1255,43.5707,0.00457378,13.6585,54.4998,-104.25,0.0328991,15.5864,130,0.00122121210896081,2.14995837628779e-05,8.57755134360641e-08,129
"131","DATA",1620636364,64788103,18980,0,2021-05-10,10:46:04,29390.3,516.447,2063.26,40.1309,54.9995,28.1263,43.5707,0.00458766,13.6585,54.4998,250.25,0.0328991,15.5856,85,0.00122178994859788,2.14693199315261e-05,8.57721877403112e-08,130
"132","DATA",1620636365,64788103,18984,0,2021-05-10,10:46:05,29406.3,516.782,2063.31,40.1329,54.9995,28.1275,43.5707,0.00456245,13.6585,54.4998,-82,0.0328991,15.5856,189,0.00122245508774847,2.14832462824915e-05,8.57742663001568e-08,131
"133","DATA",1620636366,64788103,18988,0,2021-05-10,10:46:06,29420.2,516.822,2063.29,40.13,54.9995,28.1271,43.5709,0.00460641,13.6589,54.4998,-19,0.0328991,15.586,29,0.00122303292738555,2.1484909130368e-05,8.57734348762185e-08,132
"134","DATA",1620636367,64788103,18992,0,2021-05-10,10:46:07,29434.6,517.184,2063.35,40.1321,54.9995,28.1284,43.5711,0.00460222,13.6584,54.4998,-197.5,0.0328991,15.586,18,0.00122363155262108,2.14999579036501e-05,8.57759291480332e-08,133
"135","DATA",1620636368,64451932,18996,0,2021-05-10,10:46:08,29447.1,516.799,2063.32,40.1317,54.9995,28.1267,43.5711,0.00459529,13.6577,54.4998,-200.25,0.0328991,15.586,89,0.00122415119258247,2.1483952992839e-05,8.57746820121259e-08,134
"136","DATA",1620636369,64451932,19000,0,2021-05-10,10:46:09,29463.7,517.628,2063.65,40.1309,54.9995,28.1271,43.5709,0.00460503,13.6587,54.4998,-157,0.0328991,15.5856,229,0.00122484127445121,2.1518415515079e-05,8.57884005071068e-08,135
"137","DATA",1620636370,64451932,19004,0,2021-05-10,10:46:10,29484.9,517.868,2063.52,40.1313,54.9995,28.1263,43.5707,0.00460414,13.6579,54.4998,-140.25,0.0328991,15.5848,106,0.00122572258382574,2.15283926023378e-05,8.57829962515083e-08,136
"138","DATA",1620636371,64451932,19008,0,2021-05-10,10:46:11,29500.9,517.742,2063.42,40.1317,54.9995,28.1259,43.5707,0.00461612,13.6584,54.4998,-152.25,0.0328991,15.5848,100,0.00122638772297633,2.15231546315269e-05,8.57788391318171e-08,137
"139","DATA",1620636372,64451932,19012,0,2021-05-10,10:46:12,29519,518.052,2063.38,40.1321,54.9995,28.1255,43.5707,0.00462029,13.6574,54.4998,-217.5,0.0328991,15.5848,205,0.00122714016164044,2.15360417025696e-05,8.57771762839406e-08,138
"140","DATA",1620636373,64451932,19016,0,2021-05-10,10:46:13,29536,517.409,2063.56,40.1313,54.9995,28.1255,43.5707,0.00460848,13.658,54.4998,-109.5,0.0328991,15.5848,172,0.00122784687198794,2.15093114229553e-05,8.57846590993847e-08,139
"141","DATA",1620636374,64451932,19020,0,2021-05-10,10:46:14,29553.4,518.253,2063.69,40.1321,54.9995,28.1251,43.5709,0.00463199,13.6579,54.4998,-7.25,0.0328991,15.5848,18,0.0012285702108142,2.15443975131488e-05,8.57900633549833e-08,140
"142","DATA",1620636375,64451932,19024,0,2021-05-10,10:46:15,29561.2,517.934,2063.58,40.1321,54.9995,28.1238,43.5711,0.00461994,13.6573,54.4998,-70.5,0.0328991,15.5848,15,0.00122889446615012,2.1531136301334e-05,8.5785490523323e-08,141
"143","DATA",1620636376,64109086,19028,0,2021-05-10,10:46:16,29571.9,518.801,2063.54,40.1325,54.9995,28.1226,43.5711,0.00463424,13.6574,54.4998,-124.5,0.0328991,15.5848,59,0.00122933927795707,2.15671785290565e-05,8.57838276754465e-08,142
"144","DATA",1620636377,64109086,19032,0,2021-05-10,10:46:17,29587.2,518.407,2063.58,40.1321,54.9995,28.1222,43.5711,0.00461247,13.6573,54.4998,60.5,0.0328991,15.5848,216,0.00122997531726982,2.15507994774733e-05,8.5785490523323e-08,143
"145","DATA",1620636378,64109086,19036,0,2021-05-10,10:46:18,29597.8,519.081,2063.72,40.1333,54.9995,28.1226,43.5709,0.0045901,13.6575,54.4998,200.25,0.0328991,15.5848,25,0.00123041597195709,2.15788184641918e-05,8.57913104908906e-08,144
"146","DATA",1620636379,64109086,19040,0,2021-05-10,10:46:19,29613,518.748,2063.48,40.1337,54.9995,28.1255,43.5707,0.0045978,13.658,54.4998,-53.5,0.0328991,15.5844,92,0.00123104785415015,2.15649752556202e-05,8.57813334036318e-08,145
"147","DATA",1620636380,64109086,19044,0,2021-05-10,10:46:20,29624.5,518.833,2063.59,40.1325,54.9995,28.1259,43.5707,0.00460238,13.6573,54.4998,-130,0.0328991,15.5844,212,0.00123152592291463,2.15685088073577e-05,8.57859062352921e-08,146
"148","DATA",1620636381,64109086,19048,0,2021-05-10,10:46:21,29637.9,519.306,2063.43,40.1329,54.9995,28.1267,43.5707,0.00460431,13.6574,54.4998,-131,0.0328991,15.5836,216,0.00123208297695325,2.1588171983497e-05,8.57792548437862e-08,147
"149","DATA",1620636382,64109086,19052,0,2021-05-10,10:46:22,29652.9,518.871,2063.76,40.1329,54.9995,28.1267,43.5707,0.00462322,13.6573,54.4998,-150.25,0.0328991,15.5844,115,0.00123270654490693,2.15700885128404e-05,8.57929733387671e-08,148
"150","DATA",1620636383,63770055,19056,0,2021-05-10,10:46:23,29668.7,518.75,2063.48,40.1325,54.9995,28.1271,43.5709,0.00460346,13.6572,54.4998,-133.5,0.0328991,15.584,223,0.00123336336981814,2.1565058398014e-05,8.57813334036318e-08,149
"151","DATA",1620636384,63770055,19060,0,2021-05-10,10:46:24,29683.7,519.03,2063.6,40.1329,54.9995,28.1271,43.5711,0.00461799,13.6569,54.4998,-145.5,0.0328991,15.584,174,0.00123398693777182,2.15766983331493e-05,8.57863219472612e-08,150
"152","DATA",1620636385,63770055,19064,0,2021-05-10,10:46:25,29695.8,518.743,2063.67,40.1337,54.9995,28.1263,43.5711,0.00462262,13.6569,54.4998,-124.75,0.0328991,15.5836,132,0.00123448994925445,2.15647673996356e-05,8.5789231931045e-08,151
"153","DATA",1620636386,63770055,19068,0,2021-05-10,10:46:26,29708.4,518.149,2063.45,40.1346,54.9995,28.1267,43.5709,0.00462151,13.6572,54.4998,26.25,0.0328991,15.5836,30,0.00123501374633554,2.154007410867e-05,8.57800862677244e-08,152
"154","DATA",1620636387,63770055,19072,0,2021-05-10,10:46:27,29719.6,520.216,2063.76,40.1321,54.9995,28.1284,43.5707,0.00464437,13.6568,54.4998,-161.75,0.0328991,15.5833,122,0.00123547934374095,2.16260017726868e-05,8.57929733387671e-08,153
"155","DATA",1620636388,63770055,19076,0,2021-05-10,10:46:28,29735,518.792,2063.69,40.1337,54.9995,28.1275,43.5707,0.00462165,13.6567,54.4998,-136,0.0328991,15.5833,150,0.00123611954017339,2.15668043882843e-05,8.57900633549833e-08,154
"156","DATA",1620636389,63770055,19080,0,2021-05-10,10:46:29,29748.8,519.886,2063.7,40.1329,54.9995,28.1279,43.5707,0.00464439,13.6563,54.4998,-200.75,0.0328991,15.5821,96,0.00123669322269078,2.16122832777059e-05,8.57904790669524e-08,155
"157","DATA",1620636390,63770055,19084,0,2021-05-10,10:46:30,29760.5,520.209,2063.72,40.1321,54.9995,28.1263,43.5707,0.00465459,13.6569,54.4998,-127.25,0.0328991,15.5833,106,0.00123717960569464,2.16257107743084e-05,8.57913104908906e-08,156
"158","DATA",1620636391,63437938,19088,0,2021-05-10,10:46:31,29771.2,519.029,2063.8,40.1346,54.9995,28.1271,43.5709,0.00462829,13.6566,54.4998,-174.5,0.0328991,15.5833,35,0.0012376244175016,2.15766567619524e-05,8.57946361866436e-08,157
"159","DATA",1620636392,63437938,19092,0,2021-05-10,10:46:32,29780.4,520.442,2063.88,40.1337,54.9993,28.1259,43.5711,0.00464774,13.6561,54.4998,-156.75,0.0328991,15.5833,129,0.00123800687251319,2.16353968631888e-05,8.57979618823965e-08,158
"160","DATA",1620636393,63437938,19096,0,2021-05-10,10:46:33,29793.1,519.635,2063.9,40.1333,54.9995,28.1247,43.5711,0.00465706,13.656,54.4998,-46.25,0.0328991,15.5833,236,0.00123853482671397,2.1601848907281e-05,8.57987933063348e-08,159
"161","DATA",1620636394,63437938,19100,0,2021-05-10,10:46:34,29803.2,520.101,2063.71,40.1341,54.9995,28.1251,43.5711,0.00465832,13.6563,54.4998,-17.25,0.0328991,15.5836,34,0.00123895469580278,2.16212210850419e-05,8.57908947789215e-08,160
"162","DATA",1620636395,63437938,19104,0,2021-05-10,10:46:35,29816.5,520.687,2063.86,40.1341,54.9995,28.1267,43.5707,0.00467131,13.6558,54.4998,-192.25,0.0328991,15.5833,131,0.00123950759272171,2.16455818064323e-05,8.57971304584583e-08,161
"163","DATA",1620636396,63437938,19108,0,2021-05-10,10:46:36,29826.8,519.554,2063.64,40.1325,54.9991,28.1251,43.5707,0.00465623,13.6563,54.4998,-73.25,0.0328991,15.5833,79,0.0012399357760499,2.15984816403311e-05,8.57879847951377e-08,162
"164","DATA",1620636397,63437938,19112,0,2021-05-10,10:46:37,29834.4,520.214,2063.79,40.1333,54.9995,28.1255,43.5707,0.00466091,13.656,54.4998,-225,0.0328991,15.5833,172,0.00124025171714643,2.1625918630293e-05,8.57942204746745e-08,163
"165","DATA",1620636398,63101053,19116,0,2021-05-10,10:46:38,29849.2,520.566,2063.79,40.1337,54.9991,28.1267,43.5707,0.00465829,13.6561,54.4998,16.5,0.0328991,15.5829,237,0.00124086697086072,2.16405516916059e-05,8.57942204746745e-08,164
"166","DATA",1620636399,63101053,19120,0,2021-05-10,10:46:39,29866.5,520.614,2063.75,40.1333,54.9989,28.1263,43.5709,0.00466904,13.6558,54.4998,-203.75,0.0328991,15.5825,114,0.0012415861525673,2.16425471090577e-05,8.5792557626798e-08,165
"167","DATA",1620636400,63101053,19124,0,2021-05-10,10:46:40,29879.2,520.416,2063.74,40.1346,54.9993,28.1259,43.5711,0.00466603,13.6565,54.4998,-192.75,0.0328991,15.5817,92,0.00124211410676808,2.16343160120691e-05,8.57921419148289e-08,166
"168","DATA",1620636401,63101053,19128,0,2021-05-10,10:46:41,29892,520.103,2063.66,40.1354,54.9991,28.1255,43.5711,0.00463815,13.6563,54.4998,-49.25,0.0328991,15.5817,188,0.00124264621808855,2.16213042274357e-05,8.57888162190759e-08,167
"169","DATA",1620636402,63101053,19132,0,2021-05-10,10:46:42,29905.2,521.01,2063.99,40.1341,54.9989,28.1251,43.5711,0.00464949,13.6558,54.4998,-2.25,0.0328991,15.5825,184,0.00124319495788779,2.16590093030348e-05,8.58025347140568e-08,168
"170","DATA",1620636403,63101053,19136,0,2021-05-10,10:46:43,29914.5,520.732,2063.84,40.1346,54.9987,28.1247,43.5709,0.0046206,13.6559,54.4998,-102,0.0328991,15.5821,139,0.00124358157001907,2.16474525102933e-05,8.57962990345201e-08,169
"171","DATA",1620636404,63101053,19140,0,2021-05-10,10:46:44,29929.5,520.528,2063.86,40.1358,54.9987,28.1247,43.5707,0.00462624,13.6558,54.4998,-20.75,0.0328991,15.5817,55,0.00124420513797274,2.16389719861233e-05,8.57971304584583e-08,170
"172","DATA",1620636405,63101053,19144,0,2021-05-10,10:46:45,29940.9,521.118,2063.76,40.135,54.9987,28.1251,43.5707,0.00464498,13.6558,54.4998,-126,0.0328991,15.5817,160,0.00124467904961754,2.16634989923013e-05,8.57929733387671e-08,171
"173","DATA",1620636406,62763929,19148,0,2021-05-10,10:46:46,29950.7,520.448,2063.66,40.135,54.9987,28.1255,43.5707,0.00463615,13.6554,54.4998,51.5,0.0328991,15.5817,187,0.00124508644734727,2.16356462903703e-05,8.57888162190759e-08,172
"174","DATA",1620636407,62763929,19152,0,2021-05-10,10:46:47,29961.5,520.777,2063.99,40.1346,54.9987,28.1263,43.5707,0.00464545,13.6552,54.4998,-122.75,0.0328991,15.5817,139,0.00124553541627392,2.16493232141543e-05,8.58025347140568e-08,173
"175","DATA",1620636408,62763929,19156,0,2021-05-10,10:46:48,29970.7,521.774,2063.9,40.1341,54.9987,28.1271,43.5707,0.00466386,13.6556,54.4998,-134.5,0.0328991,15.5817,39,0.00124591787128551,2.16907696974754e-05,8.57987933063348e-08,174
"176","DATA",1620636409,62763929,19160,0,2021-05-10,10:46:49,29982,520.895,2064.06,40.135,54.9987,28.1255,43.5711,0.00466264,13.6555,54.4998,-167.75,0.0328991,15.5817,247,0.00124638762581062,2.16542286153899e-05,8.58054446978407e-08,175
"177","DATA",1620636410,62763929,19164,0,2021-05-10,10:46:50,29989.8,522.295,2064.04,40.1354,54.9987,28.1263,43.5711,0.00465402,13.6556,54.4998,-146.25,0.0328991,15.5817,119,0.00124671188114653,2.17124282910665e-05,8.58046132739024e-08,176
"178","DATA",1620636411,62763929,19168,0,2021-05-10,10:46:51,30004.8,521.233,2064,40.135,54.9987,28.1259,43.5711,0.00467729,13.6546,54.4998,-32.25,0.0328991,15.5817,108,0.0012473354491002,2.16682796799461e-05,8.58029504260259e-08,177
"179","DATA",1620636412,62763929,19172,0,2021-05-10,10:46:52,30016.1,521.228,2063.91,40.1358,54.9987,28.1267,43.5707,0.00463002,13.6552,54.4998,-73.75,0.0328991,15.5817,47,0.00124780520362531,2.16680718239616e-05,8.57992090183039e-08,178
"180","DATA",1620636413,62427043,19176,0,2021-05-10,10:46:53,30031.4,522.202,2063.91,40.1366,54.9987,28.1267,43.5707,0.00465179,13.6552,54.4998,-105,0.0328991,15.5817,192,0.00124844124293806,2.17085621697537e-05,8.57992090183039e-08,179
"181","DATA",1620636414,62427043,19180,0,2021-05-10,10:46:54,30039.4,520.635,2063.66,40.1362,54.9987,28.1271,43.5707,0.00462272,13.6547,54.4998,-91.5,0.0328991,15.5813,244,0.00124877381251335,2.16434201041928e-05,8.57888162190759e-08,180
"182","DATA",1620636415,62427043,19184,0,2021-05-10,10:46:55,30049.8,522.021,2064.13,40.1374,54.9987,28.1275,43.5709,0.00461958,13.6545,54.4998,-49.25,0.0328991,15.5809,58,0.00124920615296124,2.17010377831126e-05,8.58083546816245e-08,181
"183","DATA",1620636416,62427043,19188,0,2021-05-10,10:46:56,30062.2,521.534,2063.92,40.1366,54.9987,28.1271,43.5711,0.00462722,13.6546,54.4998,-54.25,0.0328991,15.5801,36,0.00124972163580294,2.16807926102166e-05,8.5799624730273e-08,182
"184","DATA",1620636417,62427043,19192,0,2021-05-10,10:46:57,30074,522.328,2064.05,40.1362,54.9987,28.1267,43.5711,0.0046279,13.6551,54.4998,-99,0.0328991,15.5801,7,0.0012502121759265,2.17138001405646e-05,8.58050289858715e-08,183
"185","DATA",1620636418,62427043,19196,0,2021-05-10,10:46:58,30087.2,523.297,2064.17,40.137,54.9987,28.1263,43.5711,0.00464694,13.6542,54.4998,-62.75,0.0328991,15.5809,18,0.00125076091572574,2.17540826303721e-05,8.5810017529501e-08,184
"186","DATA",1620636419,62427043,19200,0,2021-05-10,10:46:59,30097.8,522.056,2063.91,40.1358,54.9987,28.1275,43.5711,0.00463784,13.6545,54.4998,-55.75,0.0328991,15.5805,63,0.00125120157041301,2.17024927750046e-05,8.57992090183039e-08,185
"187","DATA",1620636420,62427043,19204,0,2021-05-10,10:47:00,30106.7,523.157,2064.04,40.1362,54.9987,28.1259,43.5707,0.00465002,13.6551,54.4998,-58.75,0.0328991,15.5793,27,0.00125157155406552,2.17482626628045e-05,8.58046132739024e-08,186
"188","DATA",1620636421,62089920,19208,0,2021-05-10,10:47:01,30114.4,522.211,2063.96,40.1362,54.9987,28.1267,43.5707,0.0046446,13.6549,54.4998,-105.5,0.0328991,15.5801,234,0.00125189165228174,2.17089363105259e-05,8.58012875781495e-08,187
"189","DATA",1620636422,62089920,19212,0,2021-05-10,10:47:02,30128.1,522.885,2064.11,40.1366,54.9987,28.1271,43.5707,0.00465416,13.6546,54.4998,-142,0.0328991,15.5801,186,0.00125246117767943,2.17369552972445e-05,8.58075232576862e-08,188
"190","DATA",1620636423,62089920,19216,0,2021-05-10,10:47:03,30137.3,522.319,2064.22,40.1358,54.9987,28.1267,43.5707,0.00465068,13.655,54.4998,16.5,0.0328991,15.5801,150,0.00125284363269102,2.17134259997924e-05,8.58120960893465e-08,189
"191","DATA",1620636424,62089920,19220,0,2021-05-10,10:47:04,30150.4,522.726,2064.01,40.137,54.9987,28.1288,43.5707,0.00466231,13.6551,54.4998,46.5,0.0328991,15.5801,136,0.00125338821537057,2.17303454769355e-05,8.58033661379951e-08,190
"192","DATA",1620636425,62089920,19224,0,2021-05-10,10:47:05,30161.6,523.664,2063.89,40.1366,54.9987,28.1296,43.5709,0.00466648,13.6544,54.4998,-200,0.0328991,15.5801,217,0.00125385381277598,2.17693392596388e-05,8.57983775943656e-08,191
"193","DATA",1620636426,62089920,19228,0,2021-05-10,10:47:06,30175.5,523.1,2064.04,40.137,54.9987,28.13,43.5711,0.00468198,13.6542,54.4998,-199.5,0.0328991,15.5801,50,0.00125443165241306,2.17458931045805e-05,8.58046132739024e-08,192
"194","DATA",1620636427,62089920,19232,0,2021-05-10,10:47:07,30185.9,522.808,2064.19,40.1366,54.9987,28.1279,43.5711,0.00466241,13.6542,54.4998,-82.5,0.0328991,15.5801,6,0.00125486399286094,2.17337543150822e-05,8.58108489534392e-08,193
"195","DATA",1620636428,61755895,19236,0,2021-05-10,10:47:08,30194.9,523.736,2064.22,40.1358,54.9987,28.1267,43.5711,0.00468142,13.6538,54.4998,-89.5,0.0328991,15.5801,29,0.00125523813363314,2.17723323858164e-05,8.58120960893465e-08,194
"196","DATA",1620636429,61755895,19240,0,2021-05-10,10:47:09,30207.7,523.39,2063.93,40.1366,54.9987,28.1267,43.5707,0.00468743,13.6539,54.4998,-125,0.0328991,15.5801,182,0.00125577024495362,2.17579487516849e-05,8.58000404422421e-08,195
"197","DATA",1620636430,61755895,19244,0,2021-05-10,10:47:10,30216.5,523.262,2064.06,40.1354,54.9987,28.1255,43.5707,0.00468926,13.6538,54.4998,-106.25,0.0328991,15.5801,97,0.00125613607148644,2.17526276384802e-05,8.58054446978407e-08,196
"198","DATA",1620636431,61755895,19248,0,2021-05-10,10:47:11,30227.5,523.881,2064.19,40.1366,54.9987,28.1251,43.5707,0.00467673,13.6548,54.4998,-100.25,0.0328991,15.5797,122,0.00125659335465247,2.17783602093686e-05,8.58108489534392e-08,197
"199","DATA",1620636432,61755895,19252,0,2021-05-10,10:47:12,30233,523.083,2064.1,40.1366,54.9987,28.1251,43.5707,0.00468704,13.6543,54.4998,-92.25,0.0328991,15.5785,160,0.00125682199623549,2.1745186394233e-05,8.58071075457171e-08,198
"200","DATA",1620636433,61755895,19256,0,2021-05-10,10:47:13,30242.8,523.373,2064.05,40.1354,54.9987,28.1255,43.5709,0.00471017,13.6531,54.4998,-199.25,0.0328991,15.5785,113,0.00125722939396522,2.17572420413374e-05,8.58050289858715e-08,199
"201","DATA",1620636434,61755895,19260,0,2021-05-10,10:47:14,30253.4,522.883,2063.93,40.1374,54.9987,28.1247,43.5711,0.00469677,13.6536,54.4998,-13,0.0328991,15.5789,187,0.00125767004865249,2.17368721548506e-05,8.58000404422421e-08,200
"202","DATA",1620636435,61755895,19264,0,2021-05-10,10:47:15,30264,523.788,2064.23,40.1358,54.9987,28.1255,43.5711,0.00470712,13.6543,54.4998,-111.5,0.0328991,15.5789,223,0.00125811070333975,2.17744940880558e-05,8.58125118013157e-08,201
"203","DATA",1620636436,61409950,19268,0,2021-05-10,10:47:16,30278.3,523.501,2064.01,40.1366,54.9987,28.1259,43.5711,0.00471049,13.6538,54.4998,-70,0.0328991,15.5793,161,0.00125870517145559,2.17625631545422e-05,8.58033661379951e-08,202
"204","DATA",1620636437,61409950,19272,0,2021-05-10,10:47:17,30284.8,523.825,2064.24,40.137,54.9987,28.1255,43.5707,0.00470122,13.6539,54.4998,-47.25,0.0328991,15.5785,12,0.00125897538423552,2.17760322223416e-05,8.58129275132848e-08,203
"205","DATA",1620636438,61409950,19276,0,2021-05-10,10:47:18,30295.4,524.091,2064.13,40.1362,54.9987,28.1255,43.5707,0.00471804,13.6536,54.4998,-207.5,0.0328991,15.5785,60,0.00125941603892278,2.17870901607201e-05,8.58083546816245e-08,204
"206","DATA",1620636439,61409950,19280,0,2021-05-10,10:47:19,30305.3,524.487,2064.18,40.1374,54.9987,28.1242,43.5707,0.00468996,13.6535,54.4998,-9.25,0.0328991,15.5785,32,0.00125982759377221,2.18035523546972e-05,8.58104332414701e-08,205
"207","DATA",1620636440,61409950,19284,0,2021-05-10,10:47:20,30315,524.056,2064.3,40.1387,54.9987,28.1242,43.5707,0.00464434,13.6535,54.4998,58.25,0.0328991,15.5785,112,0.00126023083438226,2.17856351688282e-05,8.58154217850995e-08,206
"208","DATA",1620636441,61409950,19288,0,2021-05-10,10:47:21,30321.2,525.023,2064.09,40.1374,54.9987,28.1263,43.5709,0.00466584,13.6541,54.4998,-89.5,0.0328991,15.5785,9,0.00126048857580311,2.1825834516242e-05,8.5806691833748e-08,207
"209","DATA",1620636442,61409950,19292,0,2021-05-10,10:47:22,30330.9,523.048,2064.08,40.1383,54.9987,28.1263,43.5711,0.00465819,13.6534,54.4998,-106.25,0.0328991,15.5785,100,0.00126089181641315,2.17437314023411e-05,8.58062761217789e-08,208
"210","DATA",1620636443,61077117,19296,0,2021-05-10,10:47:23,30338.8,525.074,2064.31,40.1374,54.9987,28.1238,43.5711,0.00468082,13.6541,54.4998,-138.5,0.0328991,15.5785,56,0.00126122022886876,2.18279546472845e-05,8.58158374970686e-08,209
"211","DATA",1620636444,61077117,19300,0,2021-05-10,10:47:24,30347.4,523.785,2064.15,40.1383,54.9987,28.1251,43.5711,0.00467435,13.6537,54.4998,-48.25,0.0328991,15.5785,52,0.0012615777411622,2.17743693744651e-05,8.58091861055627e-08,210
"212","DATA",1620636445,61077117,19304,0,2021-05-10,10:47:25,30357.2,523.93,2064.3,40.1383,54.9987,28.1255,43.5711,0.00466017,13.6539,54.4998,-57.5,0.0328991,15.5785,157,0.00126198513889194,2.17803971980173e-05,8.58154217850995e-08,211
"213","DATA",1620636446,61077117,19308,0,2021-05-10,10:47:26,30374,526.055,2064.3,40.1387,54.9987,28.1255,43.5707,0.00469896,13.6537,54.4998,43.25,0.0328991,15.5785,140,0.00126268353500005,2.1868735991455e-05,8.58154217850995e-08,212
"214","DATA",1620636447,61077117,19312,0,2021-05-10,10:47:27,30385.4,524.261,2064.23,40.1387,54.9987,28.1247,43.5707,0.0046741,13.6533,54.4998,-61.5,0.0328991,15.5785,208,0.00126315744664485,2.17941572641951e-05,8.58125118013157e-08,213
"215","DATA",1620636448,61077117,19316,0,2021-05-10,10:47:28,30397.6,525.812,2064.28,40.1378,54.9987,28.1247,43.5707,0.00470766,13.6535,54.4998,-213,0.0328991,15.5774,231,0.00126366461524717,2.18586341906054e-05,8.58145903611613e-08,214
"216","DATA",1620636449,61077117,19320,0,2021-05-10,10:47:29,30409.6,525.952,2064.28,40.1378,54.9987,28.123,43.5707,0.00469952,13.6527,54.4998,-62,0.0328991,15.577,79,0.00126416346961012,2.18644541581731e-05,8.58145903611613e-08,215
"217","DATA",1620636450,61077117,19324,0,2021-05-10,10:47:30,30422.5,525.314,2064.18,40.1387,54.9987,28.1226,43.5709,0.0046879,13.6533,54.4998,90,0.0328991,15.5774,63,0.00126469973805028,2.18379317345433e-05,8.58104332414701e-08,216
"218","DATA",1620636451,60739994,19328,0,2021-05-10,10:47:31,30437.9,525.698,2064.12,40.1387,54.9987,28.1226,43.5711,0.00471948,13.6527,54.4998,-28.5,0.0328991,15.5778,41,0.00126533993448272,2.18538950741575e-05,8.58079389696554e-08,217
"219","DATA",1620636452,60739994,19332,0,2021-05-10,10:47:32,30446.3,524.134,2064.09,40.1383,54.9987,28.123,43.5711,0.00472259,13.6525,54.4998,84.25,0.0328991,15.5774,218,0.00126568913253678,2.17888777221873e-05,8.5806691833748e-08,218
"220","DATA",1620636453,60739994,19336,0,2021-05-10,10:47:33,30453.8,526.583,2064.32,40.1391,54.9987,28.1247,43.5711,0.00474392,13.6532,54.4998,-60.5,0.0328991,15.577,223,0.00126600091651362,2.18906855834244e-05,8.58162532090377e-08,219
"221","DATA",1620636454,60739994,19340,0,2021-05-10,10:47:34,30460.3,525.482,2064.22,40.1383,54.9987,28.1242,43.5707,0.00470835,13.653,54.4998,-70.5,0.0328991,15.577,159,0.00126627112929355,2.18449156956245e-05,8.58120960893465e-08,220
"222","DATA",1620636455,60739994,19344,0,2021-05-10,10:47:35,30469,525.556,2064.43,40.1383,54.9987,28.1242,43.5707,0.00469792,13.6527,54.4998,-81.75,0.0328991,15.577,203,0.00126663279870668,2.1847991964196e-05,8.5820826040698e-08,221
"223","DATA",1620636456,60739994,19348,0,2021-05-10,10:47:36,30477.9,525.293,2064.2,40.1374,54.9987,28.1247,43.5707,0.00473789,13.6532,54.4998,-120.75,0.0328991,15.577,44,0.00126700278235919,2.18370587394082e-05,8.58112646654083e-08,222
"224","DATA",1620636457,60739994,19352,0,2021-05-10,10:47:37,30488.4,525.334,2064.32,40.1378,54.9987,28.1251,43.5707,0.00471479,13.6523,54.4998,-16.75,0.0328991,15.577,34,0.00126743927992677,2.18387631584815e-05,8.58162532090377e-08,223
"225","DATA",1620636458,60404062,19356,0,2021-05-10,10:47:38,30499,526.495,2064.54,40.1387,54.9987,28.1255,43.5707,0.00473142,13.6527,54.4998,-214,0.0328991,15.577,79,0.00126787993461403,2.18870273180962e-05,8.58253988723583e-08,224
"226","DATA",1620636459,60404062,19360,0,2021-05-10,10:47:39,30507.7,526.115,2064.29,40.1378,54.9987,28.1238,43.5711,0.00472743,13.6525,54.4998,-66.5,0.0328991,15.577,214,0.00126824160402717,2.18712302632697e-05,8.58150060731304e-08,225
"227","DATA",1620636460,60404062,19364,0,2021-05-10,10:47:40,30518.6,526.065,2064.46,40.1378,54.9987,28.123,43.5711,0.00474639,13.6526,54.4998,11,0.0328991,15.577,3,0.00126869473007351,2.18691517034241e-05,8.58220731766054e-08,226
"228","DATA",1620636461,60404062,19368,0,2021-05-10,10:47:41,30527.1,526.45,2064.5,40.1387,54.9987,28.1234,43.5711,0.00473579,13.6525,54.4998,239.25,0.0328991,15.577,163,0.00126904808524726,2.18851566142352e-05,8.58237360244819e-08,227
"229","DATA",1620636462,60404062,19372,0,2021-05-10,10:47:42,30532.4,525.432,2064.19,40.1387,54.9987,28.1259,43.5709,0.00472648,13.6526,54.4998,-30.75,0.0328991,15.577,5,0.00126926841259089,2.18428371357789e-05,8.58108489534392e-08,228
"230","DATA",1620636463,60404062,19376,0,2021-05-10,10:47:43,30536.6,526.729,2064.44,40.1378,54.9987,28.1251,43.5707,0.00475235,13.6522,54.4998,-196,0.0328991,15.577,169,0.00126944301161792,2.18967549781736e-05,8.58212417526672e-08,229
"231","DATA",1620636464,60404062,19380,0,2021-05-10,10:47:44,30542.1,525.74,2064.47,40.1391,54.9987,28.1242,43.5707,0.0047186,13.6529,54.4998,-87.5,0.0328991,15.5766,162,0.00126967165320093,2.18556410644278e-05,8.58224888885745e-08,230
"232","DATA",1620636465,60404062,19384,0,2021-05-10,10:47:45,30550.8,526.41,2064.51,40.1395,54.9987,28.1242,43.5707,0.0047063,13.652,54.4998,190.75,0.0328991,15.5754,155,0.00127003332261407,2.18834937663587e-05,8.5824151736451e-08,231
"233","DATA",1620636466,60065031,19388,0,2021-05-10,10:47:46,30563.2,527.125,2064.49,40.1403,54.9987,28.1267,43.5707,0.0046835,13.6524,54.5,-32.75,0.0328991,15.5754,95,0.00127054880545577,2.19132171721506e-05,8.58233203125127e-08,232
"234","DATA",1620636467,60065031,19392,0,2021-05-10,10:47:47,30570.1,525.833,2064.2,40.1403,54.9987,28.1271,43.5707,0.00469379,13.6523,54.5,-14.75,0.0328991,15.5758,92,0.00127083564671446,2.18595071857405e-05,8.58112646654083e-08,233
"235","DATA",1620636468,60065031,19396,0,2021-05-10,10:47:48,30575.6,527.24,2064.26,40.1395,54.9987,28.1275,43.5709,0.00471883,13.6526,54.5002,-171.75,0.0328991,15.5754,58,0.00127106428829748,2.19179978597955e-05,8.5813758937223e-08,234
"236","DATA",1620636469,60065031,19400,0,2021-05-10,10:47:49,30589.5,527.036,2064.37,40.1399,54.9987,28.1275,43.5709,0.00469922,13.6517,54.5005,-193.5,0.0328991,15.5754,60,0.00127164212793455,2.19095173356255e-05,8.58183317688833e-08,235
"237","DATA",1620636470,60065031,19404,0,2021-05-10,10:47:50,30606.6,526.588,2064.65,40.1395,54.9987,28.1271,43.5711,0.00471252,13.6519,54.5004,-96,0.0328991,15.5754,137,0.00127235299540175,2.1890893439409e-05,8.58299717040186e-08,236
"238","DATA",1620636471,60065031,19408,0,2021-05-10,10:47:51,30616.8,527.799,2064.62,40.1407,54.9987,28.1271,43.5707,0.0047358,13.652,54.5002,-88.5,0.0328991,15.5754,147,0.00127277702161025,2.19412361588692e-05,8.58287245681113e-08,237
"239","DATA",1620636472,60065031,19412,0,2021-05-10,10:47:52,30625.7,526.747,2064.54,40.1399,54.9987,28.1263,43.5707,0.00471664,13.6518,54.5005,-80.25,0.0328991,15.5754,40,0.00127314700526276,2.1897503259718e-05,8.58253988723583e-08,238
"240","DATA",1620636473,59729099,19416,0,2021-05-10,10:47:53,30636.1,527.334,2064.2,40.1399,54.9987,28.1267,43.5707,0.00472031,13.6517,54.5004,-145.75,0.0328991,15.5754,55,0.00127357934571065,2.19219055523052e-05,8.58112646654083e-08,239
"241","DATA",1620636474,59729099,19420,0,2021-05-10,10:47:54,30644.4,527.335,2064.37,40.1403,54.9987,28.1263,43.5707,0.0047268,13.6515,54.5005,-158.25,0.0328991,15.5754,53,0.00127392438664501,2.19219471235021e-05,8.58183317688833e-08,240
"242","DATA",1620636475,59729099,19424,0,2021-05-10,10:47:55,30657,527.62,2064.64,40.1399,54.9987,28.1263,43.5707,0.00475084,13.6514,54.5005,-77.75,0.0328991,15.5754,189,0.0012744481837261,2.1933794914622e-05,8.58295559920495e-08,241
"243","DATA",1620636476,59729099,19428,0,2021-05-10,10:47:56,30662.7,527.17,2064.46,40.1407,54.9987,28.1263,43.5709,0.00473659,13.6509,54.5005,-189.25,0.0328991,15.5754,85,0.0012746851395485,2.19150878760117e-05,8.58220731766054e-08,242
"244","DATA",1620636477,59729099,19432,0,2021-05-10,10:47:57,30671.3,527.644,2064.69,40.1391,54.9987,28.1242,43.5711,0.00472422,13.6512,54.5005,-170.75,0.0328991,15.5754,105,0.00127504265184194,2.19347926233479e-05,8.58316345518951e-08,243
"245","DATA",1620636478,59729099,19436,0,2021-05-10,10:47:58,30680.9,528.44,2064.42,40.1395,54.9987,28.1234,43.5711,0.00475121,13.6508,54.5005,-149,0.0328991,15.5754,172,0.0012754417353323,2.19678832960897e-05,8.58204103287289e-08,244
"246","DATA",1620636479,59729099,19440,0,2021-05-10,10:47:59,30695,527.373,2064.61,40.1391,54.9987,28.1247,43.5709,0.00475662,13.6519,54.5005,-131.75,0.0328991,15.5754,33,0.00127602788920875,2.19235268289848e-05,8.58283088561422e-08,245
"247","DATA",1620636480,59729099,19444,0,2021-05-10,10:48:00,30703.5,528.36,2064.47,40.1399,54.9987,28.1238,43.5707,0.00475099,13.6517,54.5005,-131,0.0328991,15.5742,165,0.0012763812443825,2.19645576003368e-05,8.58224888885745e-08,246
"248","DATA",1620636481,59390068,19448,0,2021-05-10,10:48:01,30709.5,528.032,2064.33,40.1391,54.9987,28.1247,43.5707,0.0047633,13.6512,54.5005,-190,0.0328991,15.575,90,0.00127663067156397,2.19509222477497e-05,8.58166689210068e-08,247
"249","DATA",1620636482,59390068,19452,0,2021-05-10,10:48:02,30715.2,527.921,2064.71,40.1399,54.9987,28.1247,43.5707,0.00472808,13.6519,54.5005,21.25,0.0328991,15.5746,4,0.00127686762738637,2.19463078448925e-05,8.58324659758333e-08,248
"250","DATA",1620636483,59390068,19456,0,2021-05-10,10:48:03,30727.6,528.683,2064.48,40.1399,54.9987,28.1259,43.5707,0.00476553,13.6506,54.5005,-228.75,0.0328991,15.575,81,0.00127738311022808,2.19779850969393e-05,8.58229046005436e-08,249
"251","DATA",1620636484,59390068,19460,0,2021-05-10,10:48:04,30736.1,527.933,2064.4,40.1391,54.9987,28.1259,43.5709,0.00474245,13.6508,54.5005,-106.5,0.0328991,15.5738,0,0.00127773646540183,2.19468066992554e-05,8.58195789047907e-08,250
"252","DATA",1620636485,59390068,19464,0,2021-05-10,10:48:05,30744.7,528.795,2064.66,40.1403,54.9987,28.1247,43.5711,0.00477111,13.6515,54.5005,-182.75,0.0328991,15.5738,110,0.00127809397769527,2.19826410709934e-05,8.58303874159878e-08,251
"253","DATA",1620636486,59390068,19468,0,2021-05-10,10:48:06,30750.4,528.739,2064.72,40.1415,54.9987,28.1234,43.5711,0.00477472,13.6515,54.5005,-90,0.0328991,15.5742,161,0.00127833093351767,2.19803130839663e-05,8.58328816878025e-08,252
"254","DATA",1620636487,59390068,19472,0,2021-05-10,10:48:07,30758.4,527.775,2064.53,40.1391,54.9987,28.123,43.5711,0.00474966,13.6513,54.5005,6.25,0.0328991,15.5742,171,0.00127866350309296,2.19402384501433e-05,8.58249831603892e-08,253
"255","DATA",1620636488,59055089,19476,0,2021-05-10,10:48:08,30767.4,529.243,2064.79,40.1399,54.9987,28.1234,43.5707,0.00477974,13.6508,54.5005,-118,0.0328991,15.5738,250,0.00127903764386517,2.20012649672099e-05,8.58357916715863e-08,254
"256","DATA",1620636489,59055089,19480,0,2021-05-10,10:48:09,30775.5,528.514,2064.67,40.1395,54.9987,28.1234,43.5707,0.00476007,13.6509,54.5005,-94.75,0.0328991,15.5738,80,0.00127937437056016,2.19709595646612e-05,8.58308031279569e-08,255
"257","DATA",1620636490,59055089,19484,0,2021-05-10,10:48:10,30786,528.468,2064.7,40.1399,54.9987,28.123,43.5707,0.00477334,13.6511,54.5005,-133,0.0328991,15.5738,18,0.00127981086812773,2.19690472896032e-05,8.58320502638642e-08,256
"258","DATA",1620636491,59055089,19488,0,2021-05-10,10:48:11,30795.3,528.978,2064.78,40.1387,54.9987,28.123,43.5707,0.0047818,13.6512,54.5005,-137.5,0.0328991,15.5738,236,0.00128019748025901,2.19902486000283e-05,8.58353759596172e-08,257
"259","DATA",1620636492,59055089,19492,0,2021-05-10,10:48:12,30802.8,528.161,2064.82,40.1415,54.9987,28.1234,43.5709,0.00472889,13.651,54.5005,31.5,0.0328991,15.5738,160,0.00128050926423585,2.19562849321513e-05,8.58370388074937e-08,258
"260","DATA",1620636493,59055089,19496,0,2021-05-10,10:48:13,30806.9,528.703,2064.69,40.1415,54.9987,28.1234,43.5711,0.00473284,13.6511,54.5005,134.5,0.0328991,15.5738,6,0.00128067970614319,2.19788165208775e-05,8.58316345518951e-08,259
"261","DATA",1620636494,59055089,19500,0,2021-05-10,10:48:14,30817,528.805,2064.71,40.1415,54.9987,28.1251,43.5711,0.00471657,13.651,54.5005,-31.25,0.0328991,15.5738,140,0.001281099575232,2.19830567829625e-05,8.58324659758333e-08,260
"262","DATA",1620636495,59055089,19504,0,2021-05-10,10:48:15,30827.3,528.937,2064.86,40.142,54.9987,28.1255,43.5711,0.00473527,13.6505,54.5005,-164.75,0.0328991,15.5738,62,0.00128152775856019,2.19885441809549e-05,8.58387016553701e-08,261
"263","DATA",1620636496,58710098,19508,0,2021-05-10,10:48:16,30838.3,529.952,2064.68,40.142,54.9987,28.1255,43.5709,0.00474063,13.651,54.5005,-40.75,0.0328991,15.5738,217,0.00128198504172622,2.20307389458204e-05,8.5831218839926e-08,262
"264","DATA",1620636497,58710098,19512,0,2021-05-10,10:48:17,30851.1,529.207,2064.9,40.1415,54.9987,28.1247,43.5707,0.00472281,13.6508,54.5005,-32,0.0328991,15.5738,100,0.00128251715304669,2.19997684041211e-05,8.58403645032466e-08,263
"265","DATA",1620636498,58710098,19516,0,2021-05-10,10:48:18,30856.9,529.704,2064.56,40.1411,54.9987,28.1251,43.5707,0.0047688,13.6507,54.5005,216,0.0328991,15.5731,122,0.00128275826598878,2.20204292889863e-05,8.58262302962966e-08,264
"266","DATA",1620636499,58710098,19520,0,2021-05-10,10:48:19,30864.9,529.312,2064.76,40.1415,54.9987,28.1279,43.5707,0.00474144,13.6509,54.5005,-140.75,0.0328991,15.5738,116,0.00128309083556407,2.20041333797968e-05,8.58345445356789e-08,265
"267","DATA",1620636500,58710098,19524,0,2021-05-10,10:48:20,30873,529.278,2064.7,40.1411,54.9987,28.1267,43.5707,0.00476091,13.6509,54.5005,-22.5,0.0328991,15.5723,91,0.00128342756225906,2.20027199591018e-05,8.58320502638642e-08,266
"268","DATA",1620636501,58710098,19528,0,2021-05-10,10:48:21,30881.8,529.481,2064.54,40.1411,54.9987,28.1263,43.5707,0.00477493,13.6508,54.5005,-252.5,0.0328991,15.5723,43,0.00128379338879188,2.20111589120749e-05,8.58253988723583e-08,267
"269","DATA",1620636502,58710098,19532,0,2021-05-10,10:48:22,30885.9,529.325,2064.52,40.1415,54.9987,28.1263,43.5711,0.00473409,13.6506,54.5005,-210.25,0.0328991,15.5731,73,0.00128396383069922,2.20046738053567e-05,8.58245674484201e-08,268
"270","DATA",1620636503,58374881,19536,0,2021-05-10,10:48:23,30894.5,529.721,2064.68,40.1411,54.9987,28.1242,43.5709,0.00476973,13.6498,54.5005,-193.75,0.0328991,15.5731,122,0.00128432134299266,2.20211359993338e-05,8.5831218839926e-08,269
"271","DATA",1620636504,58374881,19540,0,2021-05-10,10:48:24,30905.3,529.445,2064.7,40.1411,54.9987,28.1242,43.5709,0.0047595,13.6501,54.5005,-174.25,0.0328991,15.5723,240,0.00128477031191931,2.20096623489861e-05,8.58320502638642e-08,270
"272","DATA",1620636505,58374881,19544,0,2021-05-10,10:48:25,30912.4,530.362,2064.7,40.1411,54.9987,28.1247,43.5707,0.00476951,13.6506,54.5005,-163.5,0.0328991,15.5723,241,0.00128506546741739,2.20477831365542e-05,8.58320502638642e-08,271
"273","DATA",1620636506,58374881,19548,0,2021-05-10,10:48:26,30927.4,530.149,2064.76,40.1415,54.9987,28.1251,43.5707,0.00476981,13.65,54.5005,49.5,0.0328991,15.5723,120,0.00128568903537106,2.2038928471612e-05,8.58345445356789e-08,272
"274","DATA",1620636507,58374881,19552,0,2021-05-10,10:48:27,30937,529.65,2064.85,40.142,54.9987,28.1259,43.5707,0.00475874,13.6503,54.5005,-154.25,0.0328991,15.5723,172,0.00128608811886142,2.2018184444353e-05,8.5838285943401e-08,273
"275","DATA",1620636508,58374881,19556,0,2021-05-10,10:48:28,30947.1,530.251,2064.94,40.1415,54.9987,28.1255,43.5707,0.00479843,13.6501,54.5005,-44,0.0328991,15.5723,158,0.00128650798795023,2.2043168733697e-05,8.58420273511231e-08,274
"276","DATA",1620636509,58374881,19560,0,2021-05-10,10:48:29,30954.4,530.487,2064.69,40.1432,54.9987,28.1267,43.5707,0.00473966,13.6496,54.5005,77.75,0.0328991,15.5723,43,0.00128681145768768,2.20529795361682e-05,8.58316345518951e-08,275
"277","DATA",1620636510,58374881,19564,0,2021-05-10,10:48:30,30959.2,530.091,2064.91,40.1432,54.9987,28.1271,43.5709,0.00473055,13.6504,54.5007,-174.75,0.0328991,15.5711,86,0.00128701099943286,2.20365173421911e-05,8.58407802152157e-08,276
"278","DATA",1620636511,58039903,19568,0,2021-05-10,10:48:31,30968.3,530.046,2064.75,40.1428,54.9987,28.1255,43.5711,0.00473476,13.6498,54.5013,-70.5,0.0328991,15.5723,255,0.00128738929732476,2.20346466383301e-05,8.58341288237098e-08,277
"279","DATA",1620636512,58039903,19572,0,2021-05-10,10:48:32,30976.5,530.93,2064.81,40.1428,54.9987,28.1259,43.5711,0.00473166,13.6505,54.5013,-196.5,0.0328991,15.5742,251,0.00128773018113943,2.20713955764002e-05,8.58366230955245e-08,278
"280","DATA",1620636513,58039903,19576,0,2021-05-10,10:48:33,30984,531.754,2064.78,40.1444,54.9987,28.1259,43.5709,0.00474369,13.6493,54.5013,-147,0.0328991,15.5758,137,0.00128804196511627,2.21056502426555e-05,8.58353759596172e-08,279
"281","DATA",1620636514,58039903,19580,0,2021-05-10,10:48:34,30996.8,530.588,2064.95,40.1432,54.9987,28.1242,43.5707,0.00473775,13.6489,54.5011,-87.5,0.0328991,15.5758,30,0.00128857407643674,2.20571782270563e-05,8.58424430630922e-08,280
"282","DATA",1620636515,58039903,19584,0,2021-05-10,10:48:35,31005,531.211,2064.84,40.1428,54.9987,28.1259,43.5707,0.00475131,13.65,54.5005,271.75,0.0328991,15.575,43,0.00128891496025142,2.20830770827324e-05,8.58378702314319e-08,281
"283","DATA",1620636516,58039903,19588,0,2021-05-10,10:48:36,31012.3,530.051,2064.73,40.1436,54.9987,28.1275,43.5707,0.00474657,13.65,54.5005,25,0.0328991,15.5723,251,0.00128921842998888,2.20348544943147e-05,8.58332973997716e-08,282
"284","DATA",1620636517,58039903,19592,0,2021-05-10,10:48:37,31020.6,531.309,2064.88,40.1432,54.9987,28.1279,43.5707,0.00476244,13.6496,54.5005,-124.75,0.0328991,15.5723,102,0.00128956347092325,2.20871510600298e-05,8.58395330793084e-08,283
"285","DATA",1620636518,57704925,19596,0,2021-05-10,10:48:38,31028.6,530.581,2064.94,40.1432,54.9987,28.1292,43.5707,0.00476499,13.6492,54.5005,68.5,0.0328991,15.5723,234,0.00128989604049854,2.20568872286779e-05,8.58420273511231e-08,284
"286","DATA",1620636519,57704925,19600,0,2021-05-10,10:48:39,31038.4,530.823,2064.74,40.1432,54.9987,28.1288,43.5711,0.00475325,13.65,54.5005,29,0.0328991,15.5719,2,0.00129030343822828,2.20669474583306e-05,8.58337131117407e-08,285
"287","DATA",1620636520,57704925,19604,0,2021-05-10,10:48:40,31047.8,530.872,2064.74,40.1432,54.9987,28.1304,43.5711,0.00476974,13.6494,54.5005,-84.75,0.0328991,15.5719,50,0.00129069420747925,2.20689844469793e-05,8.58337131117407e-08,286
"288","DATA",1620636521,57704925,19608,0,2021-05-10,10:48:41,31061.5,530.367,2064.93,40.1432,54.9987,28.13,43.5709,0.00477641,13.6496,54.5004,-111.5,0.0328991,15.5719,189,0.00129126373287694,2.20479909925388e-05,8.58416116391539e-08,287
"289","DATA",1620636522,57704925,19612,0,2021-05-10,10:48:42,31068.6,531.621,2064.84,40.1432,54.9987,28.13,43.5707,0.00479179,13.6494,54.4998,87.25,0.0328991,15.5711,174,0.00129155888837501,2.21001212734662e-05,8.58378702314319e-08,288
"290","DATA",1620636523,57704925,19616,0,2021-05-10,10:48:43,31076.1,531.813,2064.73,40.1428,54.9987,28.1304,43.5707,0.00478954,13.6497,54.4998,130.75,0.0328991,15.5707,74,0.00129187067235185,2.21081029432733e-05,8.58332973997716e-08,289
"291","DATA",1620636524,57704925,19620,0,2021-05-10,10:48:44,31083.6,531.196,2064.76,40.1432,54.9987,28.1308,43.5707,0.00477139,13.6493,54.4998,-63.75,0.0328991,15.5707,72,0.00129218245632869,2.20824535147787e-05,8.58345445356789e-08,290
"292","DATA",1620636525,57704925,19624,0,2021-05-10,10:48:45,31091.2,531.334,2064.9,40.1436,54.9987,28.1329,43.5707,0.00479256,13.6499,54.5,-48.5,0.0328991,15.5707,65,0.00129249839742522,2.20881903399526e-05,8.58403645032466e-08,291
"293","DATA",1620636526,57367086,19628,0,2021-05-10,10:48:46,31097.1,531.424,2064.83,40.1428,54.9987,28.1316,43.5709,0.00477619,13.6493,54.4998,-99.5,0.0328991,15.5707,42,0.001292743667487,2.20919317476746e-05,8.58374545194628e-08,292
"294","DATA",1620636527,57367086,19632,0,2021-05-10,10:48:47,31102.3,532.095,2065.05,40.1424,54.9987,28.1312,43.5709,0.00478815,13.6495,54.5,-172.75,0.0328991,15.5707,203,0.00129295983771094,2.21198260208025e-05,8.58466001827834e-08,293
"295","DATA",1620636528,57367086,19636,0,2021-05-10,10:48:48,31110.4,531.069,2065.08,40.1448,54.9987,28.1321,43.5711,0.00478083,13.6492,54.4998,-119.75,0.0328991,15.5707,119,0.00129329656440593,2.20771739727709e-05,8.58478473186907e-08,294
"296","DATA",1620636529,57367086,19640,0,2021-05-10,10:48:49,31118.3,531.666,2065.06,40.1436,54.9987,28.1325,43.5711,0.00478942,13.6494,54.4998,40.75,0.0328991,15.5711,26,0.00129362497686153,2.21019919773273e-05,8.58470158947525e-08,295
"297","DATA",1620636530,57367086,19644,0,2021-05-10,10:48:50,31125.6,531.61,2064.73,40.1432,54.9987,28.1325,43.5709,0.00479751,13.6491,54.4998,-135.75,0.0328991,15.5711,56,0.00129392844659899,2.20996639903002e-05,8.58332973997716e-08,296
"298","DATA",1620636531,57367086,19648,0,2021-05-10,10:48:51,31136,531.577,2065.11,40.1436,54.9987,28.1312,43.5707,0.00477759,13.6489,54.4998,-171,0.0328991,15.5707,135,0.00129436078704687,2.20982921408021e-05,8.58490944545981e-08,297
"299","DATA",1620636532,57367086,19652,0,2021-05-10,10:48:52,31146.2,533.198,2064.96,40.1428,54.9987,28.1304,43.5707,0.00481723,13.6486,54.4998,0.75,0.0328991,15.5707,231,0.00129478481325537,2.21656790509962e-05,8.58428587750613e-08,298
"300","DATA",1620636533,57029008,19656,0,2021-05-10,10:48:53,31158.3,531.117,2064.89,40.144,54.9987,28.1316,43.5707,0.00479791,13.6486,54.4998,-99,0.0328991,15.5707,139,0.00129528782473801,2.20791693902227e-05,8.58399487912775e-08,299
"301","DATA",1620636534,57029008,19660,0,2021-05-10,10:48:54,31169.3,532.171,2064.95,40.1424,54.9987,28.1312,43.5707,0.00478999,13.6492,54.4998,-159,0.0328991,15.5707,233,0.00129574510790404,2.21229854317678e-05,8.58424430630922e-08,300
"302","DATA",1620636535,57029008,19664,0,2021-05-10,10:48:55,31175.1,532.688,2064.88,40.1436,54.9987,28.1312,43.5711,0.00480826,13.6485,54.4998,45.75,0.0328991,15.5707,30,0.00129598622084612,2.21444777405712e-05,8.58395330793084e-08,301
"303","DATA",1620636536,57029008,19668,0,2021-05-10,10:48:56,31183.2,531.733,2064.89,40.144,54.9987,28.1316,43.5711,0.0047931,13.649,54.4998,-42,0.0328991,15.5703,14,0.00129632294754111,2.21047772475204e-05,8.58399487912775e-08,302
"304","DATA",1620636537,57029008,19672,0,2021-05-10,10:48:57,31190.3,533.402,2065.02,40.1428,54.9987,28.1316,43.5711,0.00481865,13.6489,54.4998,-208,0.0328991,15.5699,223,0.00129661810303918,2.21741595751662e-05,8.5845353046876e-08,303
"305","DATA",1620636538,57029008,19676,0,2021-05-10,10:48:58,31199.3,532.123,2064.98,40.1432,54.9987,28.1296,43.5709,0.00481437,13.6491,54.4998,-17,0.0328991,15.5699,198,0.00129699224381139,2.2120990014316e-05,8.58436901989995e-08,304
"306","DATA",1620636539,57029008,19680,0,2021-05-10,10:48:59,31208.1,532.393,2064.98,40.144,54.9987,28.1284,43.5707,0.0048146,13.6485,54.4998,-105,0.0328991,15.5691,128,0.00129735807034422,2.21322142374822e-05,8.58436901989995e-08,305
"307","DATA",1620636540,57029008,19684,0,2021-05-10,10:49:00,31220.6,533.101,2065.03,40.144,54.9987,28.1288,43.5707,0.00482787,13.649,54.4998,-104,0.0328991,15.5691,97,0.00129787771030561,2.21616466448958e-05,8.58457687588452e-08,306
"308","DATA",1620636541,56689023,19688,0,2021-05-10,10:49:01,31227.1,532.842,2064.94,40.1432,54.9987,28.1271,43.5707,0.004812,13.648,54.4998,-129.25,0.0328991,15.5687,217,0.00129814792308554,2.21508797048956e-05,8.58420273511231e-08,307
"309","DATA",1620636542,56689023,19692,0,2021-05-10,10:49:02,31235.6,533.302,2065.09,40.1444,54.9987,28.1271,43.5707,0.00482376,13.6485,54.4998,-132.5,0.0328991,15.5695,61,0.00129850127825929,2.2170002455475e-05,8.58482630306598e-08,308
"310","DATA",1620636543,56689023,19696,0,2021-05-10,10:49:03,31245.9,532.86,2064.92,40.1448,54.9987,28.1275,43.5707,0.00476912,13.6487,54.4998,-27.5,0.0328991,15.5691,248,0.00129892946158748,2.215162798644e-05,8.58411959271848e-08,309
"311","DATA",1620636544,56689023,19700,0,2021-05-10,10:49:04,31253.2,533.495,2065.17,40.1452,54.9987,28.1284,43.5707,0.00477347,13.6483,54.4998,-4.25,0.0328991,15.5691,14,0.00129923293132494,2.2178025696479e-05,8.58515887264128e-08,310
"312","DATA",1620636545,56689023,19704,0,2021-05-10,10:49:05,31263.4,532.838,2065.3,40.1448,54.9987,28.1279,43.5711,0.00478255,13.6487,54.4998,34.25,0.0328991,15.5691,239,0.00129965695753344,2.21507134201079e-05,8.58569929820113e-08,311
"313","DATA",1620636546,56689023,19708,0,2021-05-10,10:49:06,31274,533.279,2065.1,40.1457,54.9987,28.1275,43.5711,0.00478005,13.6485,54.4998,-28.5,0.0328991,15.5695,136,0.0013000976122207,2.21690463179461e-05,8.5848678742629e-08,312
"314","DATA",1620636547,56689023,19712,0,2021-05-10,10:49:07,31281,533.629,2065.14,40.1457,54.9987,28.1288,43.5707,0.00478099,13.6489,54.4998,118.5,0.0328991,15.5691,207,0.00130038861059909,2.21835962368652e-05,8.58503415905054e-08,313
"315","DATA",1620636548,56355953,19716,0,2021-05-10,10:49:08,31285.2,532.743,2064.88,40.1452,54.9987,28.1292,43.5707,0.0047768,13.6479,54.4998,133.25,0.0328991,15.5691,48,0.00130056320962612,2.21467641564013e-05,8.58395330793084e-08,314
"316","DATA",1620636549,56355953,19720,0,2021-05-10,10:49:09,31291.2,532.966,2065.16,40.1457,54.9987,28.1316,43.5707,0.00481313,13.6482,54.4998,-139.75,0.0328991,15.5691,129,0.00130081263680759,2.21560345333127e-05,8.58511730144437e-08,315
"317","DATA",1620636550,56355953,19724,0,2021-05-10,10:49:10,31298.3,533.667,2064.84,40.1457,54.9987,28.1312,43.5707,0.00477611,13.6486,54.4998,-68.5,0.0328991,15.5691,32,0.00130110779230566,2.21851759423479e-05,8.58378702314319e-08,316
"318","DATA",1620636551,56355953,19728,0,2021-05-10,10:49:11,31308.9,533.059,2065.25,40.1448,54.9987,28.1296,43.5711,0.00480466,13.6485,54.4998,-164.25,0.0328991,15.5691,129,0.00130154844699293,2.21599006546255e-05,8.58549144221657e-08,317
"319","DATA",1620636552,56355953,19732,0,2021-05-10,10:49:12,31317.6,534.376,2064.92,40.1444,54.9987,28.1304,43.5711,0.00481396,13.6486,54.4998,-164.75,0.0328991,15.5687,129,0.00130191011640606,2.22146499209583e-05,8.58411959271848e-08,318
"320","DATA",1620636553,56355953,19736,0,2021-05-10,10:49:13,31325,532.465,2065.09,40.1452,54.9987,28.1308,43.5711,0.00478579,13.6484,54.4998,16.75,0.0328991,15.5683,195,0.00130221774326321,2.21352073636598e-05,8.58482630306598e-08,319
"321","DATA",1620636554,56355953,19740,0,2021-05-10,10:49:14,31332.8,533.788,2065.26,40.1448,54.9987,28.1308,43.5711,0.0048192,13.6473,54.4998,-138,0.0328991,15.5687,187,0.00130254199859912,2.21902060571742e-05,8.58553301341349e-08,320
"322","DATA",1620636555,56355953,19744,0,2021-05-10,10:49:15,31341.4,533.468,2065.08,40.1444,54.9987,28.1321,43.5709,0.0048067,13.6477,54.4998,-34,0.0328991,15.568,79,0.00130289951089256,2.21769032741624e-05,8.58478473186907e-08,321
"323","DATA",1620636556,56016921,19748,0,2021-05-10,10:49:16,31350.7,534.363,2065.22,40.1444,54.9987,28.1316,43.5707,0.00481047,13.6484,54.4998,-56,0.0328991,15.5676,172,0.00130328612302384,2.22141094953985e-05,8.58536672862584e-08,322
"324","DATA",1620636557,56016921,19752,0,2021-05-10,10:49:17,31357.6,533.99,2065.14,40.1448,54.9987,28.1308,43.5707,0.00480567,13.6477,54.5,-149,0.0328991,15.5676,28,0.00130357296428253,2.21986034389504e-05,8.58503415905054e-08,323
"325","DATA",1620636558,56016921,19756,0,2021-05-10,10:49:18,31365.9,533.838,2065.02,40.1444,54.9987,28.1296,43.5709,0.0048009,13.6482,54.5,-154.75,0.0328991,15.5676,175,0.0013039180052169,2.21922846170198e-05,8.5845353046876e-08,324
"326","DATA",1620636559,56016921,19760,0,2021-05-10,10:49:19,31373.5,534.68,2065.2,40.1448,54.9987,28.1296,43.5709,0.00480717,13.6477,54.5,-132.25,0.0328991,15.5676,120,0.00130423394631343,2.22272875648195e-05,8.58528358623201e-08,325
"327","DATA",1620636560,56016921,19764,0,2021-05-10,10:49:20,31388.1,533.862,2065.26,40.1452,54.9987,28.13,43.5709,0.00481768,13.6473,54.4998,-166.5,0.0328991,15.5676,227,0.00130484088578835,2.21932823257457e-05,8.58553301341349e-08,326
"328","DATA",1620636561,56016921,19768,0,2021-05-10,10:49:21,31399.9,534.752,2065.07,40.1457,54.9987,28.1288,43.5711,0.00481925,13.6473,54.5,-160,0.0328991,15.5676,71,0.0013053314259119,2.22302806909972e-05,8.58474316067216e-08,327
"329","DATA",1620636562,56016921,19772,0,2021-05-10,10:49:22,31410.5,534.638,2065.11,40.1452,54.9987,28.1292,43.5711,0.00480971,13.6475,54.5005,4,0.0328991,15.5676,43,0.00130577208059917,2.22255415745493e-05,8.58490944545981e-08,328
"330","DATA",1620636563,55675983,19776,0,2021-05-10,10:49:23,31416.4,535.255,2065.17,40.1436,54.9987,28.1284,43.5711,0.00483515,13.6469,54.5002,-47.25,0.0328991,15.568,14,0.00130601735066095,2.22511910030439e-05,8.58515887264128e-08,329
"331","DATA",1620636564,55675983,19780,0,2021-05-10,10:49:24,31427.2,534.138,2065.1,40.144,54.9987,28.1288,43.5707,0.00483674,13.6475,54.5,-147,0.0328991,15.5676,233,0.0013064663195876,2.22047559760933e-05,8.5848678742629e-08,330
"332","DATA",1620636565,55675983,19784,0,2021-05-10,10:49:25,31438.1,534.017,2065.29,40.1448,54.9987,28.1296,43.5707,0.00481896,13.6479,54.5005,-40.75,0.0328991,15.5676,92,0.00130691944563394,2.2199725861267e-05,8.58565772700422e-08,331
"333","DATA",1620636566,55675983,19788,0,2021-05-10,10:49:26,31448.5,535.042,2065.06,40.1448,54.9987,28.1288,43.5707,0.00483516,13.6471,54.5005,-116,0.0328991,15.5676,235,0.00130735178608182,2.22423363381016e-05,8.58470158947525e-08,332
"334","DATA",1620636567,55675983,19792,0,2021-05-10,10:49:27,31455.7,533.865,2065.14,40.1448,54.9987,28.13,43.5709,0.00482445,13.6476,54.5005,-198.25,0.0328991,15.5676,41,0.00130765109869959,2.21934070393364e-05,8.58503415905054e-08,333
"335","DATA",1620636568,55675983,19796,0,2021-05-10,10:49:28,31460.9,535.288,2065.06,40.1448,54.9987,28.13,43.5709,0.00483384,13.6474,54.5005,-168.25,0.0328991,15.5672,41,0.00130786726892353,2.22525628525419e-05,8.58470158947525e-08,334
"336","DATA",1620636569,55675983,19800,0,2021-05-10,10:49:29,31465.7,535.065,2065.26,40.1452,54.9987,28.1296,43.5711,0.00484088,13.6478,54.5005,-154.25,0.0328991,15.5672,126,0.0013080668106687,2.22432924756306e-05,8.58553301341349e-08,335
"337","DATA",1620636570,55675983,19804,0,2021-05-10,10:49:30,31475.6,535.374,2065.32,40.1444,54.9987,28.1292,43.5711,0.00485117,13.6461,54.5005,-34.5,0.0328991,15.5672,252,0.00130847836551813,2.22561379754764e-05,8.58578244059496e-08,336
"338","DATA",1620636571,55337905,19808,0,2021-05-10,10:49:31,31489.1,536.031,2065.37,40.1448,54.9987,28.1279,43.5711,0.00485022,13.6465,54.5005,-128.75,0.0328991,15.5668,107,0.00130903957667644,2.22834502518474e-05,8.58599029657952e-08,337
"339","DATA",1620636572,55337905,19812,0,2021-05-10,10:49:32,31499.5,535.084,2065.27,40.1452,54.9987,28.1279,43.5709,0.00486237,13.6472,54.5005,-106.75,0.0328991,15.5668,120,0.00130947191712432,2.22440823283719e-05,8.5855745846104e-08,338
"340","DATA",1620636573,55337905,19816,0,2021-05-10,10:49:33,31508.1,536.207,2065.1,40.1448,54.9987,28.1275,43.5707,0.00485964,13.6461,54.5005,-49.25,0.0328991,15.5664,7,0.00130982942941777,2.22907667825039e-05,8.5848678742629e-08,339
"341","DATA",1620636574,55337905,19820,0,2021-05-10,10:49:34,31516.9,535.629,2065.22,40.1448,54.9987,28.1267,43.5707,0.00485582,13.647,54.5005,2.25,0.0328991,15.566,118,0.00131019525595059,2.22667386306889e-05,8.58536672862584e-08,340
"342","DATA",1620636575,55337905,19824,0,2021-05-10,10:49:35,31525.5,535.19,2065.26,40.1444,54.9987,28.1288,43.5707,0.00485349,13.6477,54.5005,-23.5,0.0328991,15.566,170,0.00131055276824403,2.22484888752446e-05,8.58553301341349e-08,341
"343","DATA",1620636576,55337905,19828,0,2021-05-10,10:49:36,31533.6,535.812,2065.42,40.1448,54.9987,28.1284,43.5707,0.00486014,13.6469,54.5005,-73,0.0328991,15.566,120,0.00131088949493902,2.22743461597237e-05,8.58619815256408e-08,342
"344","DATA",1620636577,55337905,19832,0,2021-05-10,10:49:37,31544.4,534.91,2065.16,40.144,54.9987,28.1271,43.5711,0.00485356,13.6464,54.5005,-76,0.0328991,15.566,9,0.00131133846386567,2.22368489401093e-05,8.58511730144437e-08,343
"345","DATA",1620636578,55005073,19836,0,2021-05-10,10:49:38,31553.6,535.931,2065.53,40.144,54.9987,28.1292,43.5711,0.00487376,13.647,54.5005,-204.75,0.0328991,15.566,209,0.00131172091887725,2.22792931321563e-05,8.58665543573011e-08,344
"346","DATA",1620636579,55005073,19840,0,2021-05-10,10:49:39,31559.4,535.299,2065.01,40.1448,54.9987,28.1259,43.5711,0.00485502,13.6469,54.5005,-87.5,0.0328991,15.566,220,0.00131196203181934,2.2253020135708e-05,8.58449373349069e-08,345
"347","DATA",1620636580,55005073,19844,0,2021-05-10,10:49:40,31565.4,535.442,2065.45,40.1444,54.9987,28.1267,43.5711,0.00487039,13.6466,54.5005,-38.75,0.0328991,15.5664,49,0.00131221145900081,2.22589648168664e-05,8.58632286615481e-08,346
"348","DATA",1620636581,55005073,19848,0,2021-05-10,10:49:41,31571.9,536.574,2065.15,40.1452,54.9987,28.1271,43.5707,0.00488107,13.6469,54.5005,-133.5,0.0328991,15.566,253,0.00131248167178074,2.23060234117706e-05,8.58507573024745e-08,347
"349","DATA",1620636582,55005073,19852,0,2021-05-10,10:49:42,31580.2,535.741,2065.4,40.1473,54.9987,28.1267,43.5707,0.0048255,13.6463,54.5005,343.75,0.0328991,15.566,151,0.00131282671271511,2.2271394604743e-05,8.58611501017025e-08,348
"350","DATA",1620636583,55005073,19856,0,2021-05-10,10:49:43,31587.8,536.535,2065.34,40.1473,54.9987,28.13,43.5707,0.00481513,13.6462,54.5005,-62,0.0328991,15.566,1,0.00131314265381164,2.2304402135091e-05,8.58586558298878e-08,349
"351","DATA",1620636584,55005073,19860,0,2021-05-10,10:49:44,31597.1,535.498,2065.26,40.1473,54.9987,28.1296,43.5709,0.00482457,13.6464,54.5005,-18.75,0.0328991,15.566,21,0.00131352926594292,2.22612928038934e-05,8.58553301341349e-08,350
"352","DATA",1620636585,55005073,19864,0,2021-05-10,10:49:45,31604.2,536.459,2065.41,40.1473,54.9987,28.13,43.5709,0.00482438,13.6461,54.5005,-149,0.0328991,15.5652,102,0.00131382442144099,2.23012427241257e-05,8.58615658136716e-08,351
"353","DATA",1620636586,54667949,19868,0,2021-05-10,10:49:46,31614.5,537.422,2065.37,40.1465,54.9987,28.13,43.5709,0.00484244,13.6461,54.5005,-66.75,0.0328991,15.566,186,0.00131425260476918,2.23412757867518e-05,8.58599029657952e-08,352
"354","DATA",1620636587,54667949,19872,0,2021-05-10,10:49:47,31623.3,536.106,2065.47,40.1465,54.9987,28.13,43.5711,0.00482907,13.6458,54.5005,-62,0.0328991,15.5656,78,0.00131461843130201,2.22865680916158e-05,8.58640600854863e-08,353
"355","DATA",1620636588,54667949,19876,0,2021-05-10,10:49:48,31631.3,537.82,2065.21,40.1465,54.9987,28.1275,43.5711,0.00485692,13.646,54.5005,-37,0.0328991,15.5656,89,0.0013149510008773,2.23578211231227e-05,8.58532515742893e-08,354
"356","DATA",1620636589,54667949,19880,0,2021-05-10,10:49:49,31638.5,535.887,2065.31,40.1469,54.9987,28.1284,43.5709,0.00482776,13.6464,54.5005,-20.75,0.0328991,15.5648,109,0.00131525031349507,2.22774639994921e-05,8.58574086939804e-08,355
"357","DATA",1620636590,54667949,19884,0,2021-05-10,10:49:50,31649.9,536.859,2065.26,40.1473,54.9987,28.1279,43.5707,0.00485006,13.646,54.5005,61.5,0.0328991,15.5648,202,0.00131572422513986,2.23178712028904e-05,8.58553301341349e-08,356
"358","DATA",1620636591,54667949,19888,0,2021-05-10,10:49:51,31657.3,536.784,2065.4,40.1477,54.9987,28.13,43.5707,0.00484881,13.647,54.5005,-132,0.0328991,15.5644,39,0.00131603185199701,2.2314753363122e-05,8.58611501017025e-08,357
"359","DATA",1620636592,54667949,19892,0,2021-05-10,10:49:52,31665.7,536.809,2065.35,40.1469,54.9987,28.1296,43.5707,0.00485599,13.6465,54.5005,-186,0.0328991,15.5644,12,0.00131638105005107,2.23157926430448e-05,8.58590715418569e-08,358
"360","DATA",1620636593,54330110,19896,0,2021-05-10,10:49:53,31670.5,537.724,2065.39,40.1465,54.9987,28.13,43.5711,0.00485662,13.6463,54.5005,-56.75,0.0328991,15.5644,208,0.00131658059179625,2.23538302882192e-05,8.58607343897334e-08,359
"361","DATA",1620636594,54330110,19900,0,2021-05-10,10:49:54,31681.6,536.071,2065.37,40.1473,54.9987,28.1296,43.5709,0.00484848,13.6462,54.5005,-143,0.0328991,15.5644,202,0.00131704203208197,2.22851130997239e-05,8.58599029657952e-08,360
"362","DATA",1620636595,54330110,19904,0,2021-05-10,10:49:55,31686.5,537.291,2065.34,40.1461,54.9987,28.1304,43.5711,0.00486523,13.6465,54.5005,-269.75,0.0328991,15.5644,96,0.00131724573094684,2.23358299599564e-05,8.58586558298878e-08,361
"363","DATA",1620636596,54330110,19908,0,2021-05-10,10:49:56,31693.5,537.176,2065.31,40.1465,54.9987,28.1284,43.5711,0.00486671,13.6461,54.5005,-65,0.0328991,15.5644,158,0.00131753672932522,2.23310492723115e-05,8.58574086939804e-08,362
"364","DATA",1620636597,54330110,19912,0,2021-05-10,10:49:57,31703.9,537.547,2065.22,40.1452,54.9987,28.1275,43.5711,0.00485571,13.646,54.5005,-137.25,0.0328991,15.5648,43,0.0013179690697731,2.23464721863658e-05,8.58536672862584e-08,363
"365","DATA",1620636598,54330110,19916,0,2021-05-10,10:49:58,31708.2,538.125,2065.56,40.1477,54.9987,28.1288,43.5707,0.00486378,13.6455,54.5005,9.75,0.0328991,15.5644,235,0.00131814782591982,2.23705003381808e-05,8.58678014932084e-08,364
"366","DATA",1620636599,54330110,19920,0,2021-05-10,10:49:59,31719.7,536.884,2065.32,40.1477,54.9987,28.13,43.5707,0.00486413,13.6457,54.5005,-97.75,0.0328991,15.5644,224,0.00131862589468431,2.23189104828132e-05,8.58578244059496e-08,365
"367","DATA",1620636600,54330110,19924,0,2021-05-10,10:50:00,31727.6,537.961,2065.42,40.1469,54.9987,28.1279,43.5707,0.00487156,13.6455,54.5005,-115.75,0.0328991,15.5644,83,0.00131895430713991,2.23636826618873e-05,8.58619815256408e-08,366
"368","DATA",1620636601,53992986,19928,0,2021-05-10,10:50:01,31737.4,536.94,2065.37,40.1469,54.9987,28.1284,43.5707,0.00487512,13.6462,54.5005,-36.5,0.0328991,15.5629,222,0.00131936170486965,2.23212384698403e-05,8.58599029657952e-08,367
"369","DATA",1620636602,53992986,19932,0,2021-05-10,10:50:02,31746.8,537.133,2065.47,40.1477,54.9987,28.1288,43.5707,0.00487964,13.6458,54.5005,-139.5,0.0328991,15.564,27,0.00131975247412062,2.23292617108443e-05,8.58640600854863e-08,368
"370","DATA",1620636603,53992986,19936,0,2021-05-10,10:50:03,31755.7,537.783,2065.7,40.1469,54.9987,28.1284,43.5711,0.00490067,13.646,54.5005,-56.5,0.0328991,15.564,122,0.00132012245777314,2.2356282988837e-05,8.58736214607761e-08,369
"371","DATA",1620636604,53992986,19940,0,2021-05-10,10:50:04,31765.6,537.441,2065.52,40.1473,54.9987,28.1275,43.5711,0.00487495,13.6455,54.5005,-118.25,0.0328991,15.5636,110,0.00132053401262256,2.23420656394931e-05,8.58661386453319e-08,370
"372","DATA",1620636605,53992986,19944,0,2021-05-10,10:50:05,31774.4,538.886,2065.51,40.1473,54.9987,28.1267,43.5711,0.00490316,13.6455,54.5005,-99.75,0.0328991,15.5629,81,0.00132089983915539,2.24021360190307e-05,8.58657229333628e-08,371
"373","DATA",1620636606,53992986,19948,0,2021-05-10,10:50:06,31784.3,537.567,2065.62,40.1461,54.9987,28.1259,43.5707,0.00488331,13.6457,54.5005,-192.25,0.0328991,15.5629,130,0.00132131139400481,2.2347303610304e-05,8.58702957650231e-08,372
"374","DATA",1620636607,53992986,19952,0,2021-05-10,10:50:07,31794.3,537.489,2065.61,40.1465,54.9987,28.1251,43.5707,0.00489509,13.6458,54.5005,87.5,0.0328991,15.5629,251,0.00132172710597393,2.23440610569449e-05,8.5869880053054e-08,373
"375","DATA",1620636608,53657054,19956,0,2021-05-10,10:50:08,31804.3,538.185,2065.23,40.1485,54.9987,28.1251,43.5707,0.00488704,13.6453,54.5005,-45.5,0.0328991,15.5629,1,0.00132214281794305,2.23729946099955e-05,8.58540829982275e-08,374
"376","DATA",1620636609,53657054,19960,0,2021-05-10,10:50:09,31812.4,537.301,2065.64,40.1481,54.9987,28.1255,43.5707,0.00484949,13.6452,54.5005,109.75,0.0328991,15.5629,57,0.00132247954463804,2.23362456719255e-05,8.58711271889614e-08,375
"377","DATA",1620636610,53657054,19964,0,2021-05-10,10:50:10,31821,539.606,2065.67,40.1481,54.9987,28.1263,43.5707,0.00484889,13.6447,54.5005,13.75,0.0328991,15.5629,168,0.00132283705693148,2.24320672808072e-05,8.58723743248687e-08,376
"378","DATA",1620636611,53657054,19968,0,2021-05-10,10:50:11,31827.6,538.088,2065.73,40.1489,54.9987,28.1279,43.5709,0.00484066,13.6456,54.5005,200.5,0.0328991,15.5629,19,0.0013231114268311,2.23689622038951e-05,8.58748685966834e-08,377
"379","DATA",1620636612,53657054,19972,0,2021-05-10,10:50:12,31836.4,539.321,2065.21,40.1485,54.9987,28.1288,43.5711,0.00486779,13.6449,54.5005,-101.5,0.0328991,15.5632,41,0.00132347725336392,2.24202194896874e-05,8.58532515742893e-08,378
"380","DATA",1620636613,53657054,19976,0,2021-05-10,10:50:13,31843.9,538.122,2065.75,40.1494,54.9987,28.1275,43.5711,0.00485865,13.645,54.5005,-37.75,0.0328991,15.5629,13,0.00132378903734076,2.23703756245901e-05,8.58757000206216e-08,379
"381","DATA",1620636614,53657054,19980,0,2021-05-10,10:50:14,31850.7,538.715,2065.42,40.1489,54.9987,28.1279,43.5711,0.00484548,13.645,54.5005,55.75,0.0328991,15.5632,218,0.00132407172147976,2.23950273443588e-05,8.58619815256408e-08,380
"382","DATA",1620636615,53657054,19984,0,2021-05-10,10:50:15,31859.4,537.855,2065.35,40.1489,54.9987,28.1279,43.5707,0.00486381,13.6456,54.5005,-43.75,0.0328991,15.5629,84,0.00132443339089289,2.23592761150146e-05,8.58590715418569e-08,381
"383","DATA",1620636616,53312063,19988,0,2021-05-10,10:50:16,31868.4,538.999,2065.39,40.1489,54.9987,28.1279,43.5707,0.00484762,13.6443,54.5005,1,0.0328991,15.5629,92,0.0013248075316651,2.24068335642818e-05,8.58607343897334e-08,382
"384","DATA",1620636617,53312063,19992,0,2021-05-10,10:50:17,31877.9,540.344,2065.63,40.1485,54.9987,28.1296,43.5707,0.00487719,13.6446,54.5005,-216.25,0.0328991,15.5629,113,0.00132520245803576,2.24627468241282e-05,8.58707114769922e-08,383
"385","DATA",1620636618,53312063,19996,0,2021-05-10,10:50:18,31886.5,539.116,2065.54,40.1485,54.9987,28.13,43.5709,0.00488098,13.6445,54.5009,-117.5,0.0328991,15.5629,222,0.0013255599703292,2.24116973943204e-05,8.58669700692702e-08,384
"386","DATA",1620636619,53312063,20000,0,2021-05-10,10:50:19,31893.3,539.769,2065.43,40.1485,54.9987,28.1292,43.5711,0.00488166,13.645,54.5009,-156.5,0.0328991,15.5629,246,0.0013258426544682,2.24388433859039e-05,8.58623972376099e-08,385
"387","DATA",1620636620,53312063,20004,0,2021-05-10,10:50:20,31904.1,539.499,2065.56,40.1473,54.9987,28.1292,43.5711,0.00488171,13.6448,54.5009,-60.75,0.0328991,15.5625,18,0.00132629162339485,2.24276191627377e-05,8.58678014932084e-08,386
"388","DATA",1620636621,53312063,20008,0,2021-05-10,10:50:21,31910.8,538.656,2065.7,40.1485,54.9987,28.1288,43.5711,0.00486381,13.645,54.5009,-149.25,0.0328991,15.5625,231,0.00132657015041416,2.2392574643741e-05,8.58736214607761e-08,387
"389","DATA",1620636622,53312063,20012,0,2021-05-10,10:50:22,31921,539.592,2065.66,40.1477,54.9987,28.1275,43.5711,0.00488316,13.6446,54.5009,17.5,0.0328991,15.5621,78,0.00132699417662266,2.24314852840505e-05,8.58719586128996e-08,388
"390","DATA",1620636623,52975893,20016,0,2021-05-10,10:50:23,31929.8,538.973,2065.52,40.1481,54.9987,28.1284,43.5707,0.00488822,13.6446,54.5013,-57.25,0.0328991,15.5644,61,0.00132736000315549,2.2405752713162e-05,8.58661386453319e-08,389
"391","DATA",1620636624,52975893,20020,0,2021-05-10,10:50:24,31943.6,540.42,2065.77,40.1473,54.9987,28.1284,43.5707,0.00489843,13.6449,54.5013,-137.75,0.0328991,15.566,1,0.00132793368567287,2.24659062350935e-05,8.58765314445599e-08,390
"392","DATA",1620636625,52975893,20024,0,2021-05-10,10:50:25,31952.2,539.346,2065.53,40.1489,54.9987,28.1288,43.5707,0.00489012,13.6447,54.5009,50.5,0.0328991,15.566,164,0.00132829119796631,2.24212587696102e-05,8.58665543573011e-08,391
"393","DATA",1620636626,52975893,20028,0,2021-05-10,10:50:26,31958.3,539.256,2065.72,40.1489,54.9987,28.1288,43.5707,0.00489307,13.6441,54.5005,-65,0.0328991,15.5644,177,0.00132854478226747,2.24175173618881e-05,8.58744528847143e-08,392
"394","DATA",1620636627,52975893,20032,0,2021-05-10,10:50:27,31967.6,540.428,2065.46,40.1481,54.9987,28.1321,43.5709,0.00490976,13.6443,54.5005,76.25,0.0328991,15.5613,5,0.00132893139439875,2.24662388046688e-05,8.58636443735172e-08,393
"395","DATA",1620636628,52975893,20036,0,2021-05-10,10:50:28,31973,539.536,2065.7,40.1498,54.9987,28.1333,43.5711,0.00488272,13.6443,54.5005,-138.5,0.0328991,15.5621,162,0.00132915587886208,2.24291572970234e-05,8.58736214607761e-08,394
"396","DATA",1620636629,52975893,20040,0,2021-05-10,10:50:29,31977.9,540.133,2065.44,40.1489,54.9987,28.1333,43.5711,0.00491438,13.6447,54.5005,-33,0.0328991,15.5617,154,0.00132935957772695,2.24539753015798e-05,8.5862812949579e-08,395
"397","DATA",1620636630,52975893,20044,0,2021-05-10,10:50:30,31988,540.076,2065.62,40.1477,54.9987,28.1325,43.5711,0.00490538,13.6442,54.5005,-129.75,0.0328991,15.5617,248,0.00132977944681575,2.24516057433558e-05,8.58702957650231e-08,396
"398","DATA",1620636631,52644014,20048,0,2021-05-10,10:50:31,31995.7,540.166,2065.6,40.1485,54.9987,28.1333,43.5711,0.00490983,13.6445,54.5002,27.75,0.0328991,15.5605,184,0.00133009954503198,2.24553471510779e-05,8.58694643410849e-08,397
"399","DATA",1620636632,52644014,20052,0,2021-05-10,10:50:32,32005.5,540.671,2065.88,40.1477,54.9987,28.1329,43.5707,0.00491965,13.6442,54.4998,-116.5,0.0328991,15.5613,33,0.00133050694276171,2.24763406055184e-05,8.58811042762202e-08,398
"400","DATA",1620636633,52644014,20056,0,2021-05-10,10:50:33,32015.2,540.386,2065.63,40.1485,54.9987,28.1321,43.5707,0.00489826,13.6439,54.4998,-66.25,0.0328991,15.5613,39,0.00133091018337176,2.24644928143985e-05,8.58707114769922e-08,399
"401","DATA",1620636634,52644014,20060,0,2021-05-10,10:50:34,32025.5,540.904,2065.6,40.1485,54.9987,28.1316,43.5707,0.00494561,13.644,54.4998,-63.25,0.0328991,15.5613,178,0.00133133836669995,2.24860266943988e-05,8.58694643410849e-08,400
"402","DATA",1620636635,52644014,20064,0,2021-05-10,10:50:35,32033.5,540.378,2065.84,40.1494,54.9987,28.1321,43.5707,0.00489698,13.6431,54.4998,106.25,0.0328991,15.5613,46,0.00133167093627524,2.24641602448232e-05,8.58794414283437e-08,401
"403","DATA",1620636636,52644014,20068,0,2021-05-10,10:50:36,32041.3,539.778,2065.69,40.1502,54.9987,28.1325,43.5709,0.00489003,13.644,54.4998,-69.75,0.0328991,15.5613,2,0.00133199519161116,2.24392175266761e-05,8.5873205748807e-08,402
"404","DATA",1620636637,52644014,20072,0,2021-05-10,10:50:37,32049.2,540.583,2065.65,40.1502,54.9987,28.1316,43.5711,0.00488791,13.6442,54.4998,19.75,0.0328991,15.5609,255,0.00133232360406676,2.24726823401901e-05,8.58715429009305e-08,403
"405","DATA",1620636638,52304983,20076,0,2021-05-10,10:50:38,32056.4,540.811,2065.77,40.1502,54.9987,28.1308,43.5711,0.00487211,13.6433,54.4998,71.5,0.0328991,15.5609,196,0.00133262291668452,2.2482160573086e-05,8.58765314445599e-08,404
"406","DATA",1620636639,52304983,20080,0,2021-05-10,10:50:39,32062.4,541.033,2065.89,40.1514,54.9987,28.1337,43.5711,0.00487455,13.644,54.4998,71.25,0.0328991,15.5609,205,0.001332872343866,2.24913893788004e-05,8.58815199881893e-08,405
"407","DATA",1620636640,52304983,20084,0,2021-05-10,10:50:40,32070.2,540.267,2065.81,40.1502,54.9987,28.1337,43.5707,0.00486988,13.6439,54.4998,-105.75,0.0328991,15.5605,94,0.00133319659920191,2.2459545841966e-05,8.58781942924364e-08,406
"408","DATA",1620636641,52304983,20088,0,2021-05-10,10:50:41,32075.3,541.957,2065.87,40.151,54.9987,28.1358,43.5707,0.0048984,13.6438,54.4998,88.75,0.0328991,15.5601,183,0.00133340861230616,2.2529801164747e-05,8.58806885642511e-08,407
"409","DATA",1620636642,52304983,20092,0,2021-05-10,10:50:42,32083.7,540.185,2065.44,40.151,54.9987,28.1391,43.5707,0.00488237,13.6441,54.4998,-61.25,0.0328991,15.5601,237,0.00133375781036022,2.24561370038192e-05,8.5862812949579e-08,408
"410","DATA",1620636643,52304983,20096,0,2021-05-10,10:50:43,32092.5,540.61,2065.71,40.1502,54.9987,28.1391,43.5707,0.00488948,13.6431,54.4998,-74.75,0.0328991,15.5597,10,0.00133412363689304,2.24738047625067e-05,8.58740371727452e-08,409
"411","DATA",1620636644,52304983,20100,0,2021-05-10,10:50:44,32100.2,541.082,2065.68,40.1498,54.9987,28.1386,43.5711,0.00489488,13.6438,54.4998,-182,0.0328991,15.5597,213,0.00133444373510926,2.24934263674491e-05,8.58727900368378e-08,410
"412","DATA",1620636645,52304983,20104,0,2021-05-10,10:50:45,32109.9,541.011,2065.72,40.1506,54.9987,28.137,43.5711,0.00489403,13.6442,54.4998,-162.75,0.0328991,15.5601,21,0.00133484697571931,2.24904748124684e-05,8.58744528847143e-08,411
"413","DATA",1620636646,51961898,20108,0,2021-05-10,10:50:46,32115.1,541.847,2065.89,40.1506,54.9987,28.1358,43.5711,0.00490564,13.6434,54.4998,-156.5,0.0328991,15.5597,71,0.00133506314594325,2.25252283330867e-05,8.58815199881893e-08,412
"414","DATA",1620636647,51961898,20112,0,2021-05-10,10:50:47,32125.1,540.757,2065.79,40.1502,54.9987,28.1362,43.5711,0.00489413,13.6442,54.4998,-32.5,0.0328991,15.5601,245,0.00133547885791237,2.24799157284528e-05,8.58773628684981e-08,413
"415","DATA",1620636648,51961898,20116,0,2021-05-10,10:50:48,32131,541.806,2065.68,40.1506,54.9987,28.137,43.5709,0.00490813,13.6434,54.4998,-1.75,0.0328991,15.5601,109,0.00133572412797415,2.25235239140133e-05,8.58727900368378e-08,414
"416","DATA",1620636649,51961898,20120,0,2021-05-10,10:50:49,32142.1,541.33,2065.61,40.1498,54.9987,28.137,43.5707,0.00492356,13.6431,54.4998,-244.5,0.0328991,15.5597,213,0.00133618556825987,2.25037360242832e-05,8.5869880053054e-08,415
"417","DATA",1620636650,51961898,20124,0,2021-05-10,10:50:50,32151.7,541.392,2065.96,40.1506,54.9987,28.1366,43.5707,0.00491465,13.6435,54.4998,-220.25,0.0328991,15.5597,106,0.00133658465175022,2.25063134384918e-05,8.58844299719732e-08,416
"418","DATA",1620636651,51961898,20128,0,2021-05-10,10:50:51,32158.3,541.851,2065.93,40.1506,54.9987,28.1366,43.5707,0.00492089,13.6437,54.4998,-211.75,0.0328991,15.5597,122,0.00133685902164984,2.25253946178743e-05,8.58831828360658e-08,417
"419","DATA",1620636652,51961898,20132,0,2021-05-10,10:50:52,32167.7,540.806,2065.91,40.1506,54.9987,28.1345,43.5709,0.00490944,13.6434,54.4998,-176.5,0.0328991,15.5593,65,0.00133724979090081,2.24819527171014e-05,8.58823514121275e-08,418
"420","DATA",1620636653,51631927,20136,0,2021-05-10,10:50:53,32178.6,542.857,2065.99,40.1502,54.9987,28.1333,43.5707,0.00494447,13.6423,54.4998,-2.5,0.0328991,15.5597,218,0.00133770291694715,2.25672152419676e-05,8.58856771078805e-08,419
"421","DATA",1620636654,51631927,20140,0,2021-05-10,10:50:54,32188.1,541.578,2065.58,40.1506,54.9987,28.1333,43.5711,0.00491739,13.6429,54.4998,-141.25,0.0328991,15.5597,105,0.00133809784331781,2.25140456811174e-05,8.58686329171466e-08,420
"422","DATA",1620636655,51631927,20144,0,2021-05-10,10:50:55,32197,542.528,2065.89,40.1498,54.9987,28.1304,43.5711,0.00493608,13.6432,54.4998,-168.5,0.0328991,15.5593,226,0.00133846782697033,2.25535383181836e-05,8.58815199881893e-08,421
